4392 5838
1 1953 3 2028 l

100 699 190 772 tem,
213 701 281 779 per
313 703 396 856 epum
429 673 524 754 haud
558 675 685 778 ineptb
710 673 934 776 Gynandriae
953 673 1217 754 adscribuntur.
1247 572 1588 852 Hups'cnffiillix
1713 719 1715 729 ·

102 784 228 857 Genera
260 782 321 854 int
348 785 384 856 oi
413 780 578 854 Stamina
612 781 723 852 unico
755 777 891 854 donata
923 835 933 868 ‚
975 804 1057 877 quse
1099 777 1123 854 st
1154 804 1197 855 err
1227 779 1294 852 Cla
1327 805 1345 852 e
1375 774 1591 879 Gynandrid

98 883 345 974 excludamus,
373 878 557 958 transferri
591 877 765 952 deberent
798 879 846 952 ad
883 877 1180 956 Monandriam:
1221 875 1334 954 obstat
1364 903 1514 970 autem,
1544 899 1589 952 ne

93 985 184 1072 fat,
206 981 305 1083 quod
336 983 432 1058 nulla
465 983 588 1082 plantat
622 979 754 1052 horum
783 979 842 1054 fex
875 978 1060 1055 Generum
1078 978 1312 1070 'Corollarrt,
1340 977 1589 1069 Neslarium,

91 1084 263 1174 Sumen,
288 1081 330 1156 ὅ(
358 1081 530 1158 Pillillurn
564 1083 686 1180 por'tet
719 1077 941 1156 Monandris
975 1079 1102 1156 naturd
1129 1075 1363 1164 conformia:
1391 1077 1587 1182 habituque

89 1185 264 1284 gaudeant
291 1181 484 1260 Orchideo
512 1181 664 1284 potius,
693 1203 803 1280 quam
837 1179 1077 1256 Scitamioco.

227 1283 370 1362 Eadem
399 1285 494 1358 ratio
527 1277 703 1382 prohibet.
730 1277 866 1354 Clalles
900 1279 1173 1376 Monoecinm,
1200 1279 1239 1356 ἂ
1263 1282 1456 1360 Dioeciam
1477 1305 1585 1384 repu-

58 1395 62 1406 '
90 1387 210 1478 diari,
261 1409 387 1460 uarum
421 1383 552 1484 plantae
583 1437 595 1474 ,
634 1382 803 1556 (illam
828 1383 951 1458 multae
981 1379 1049 1457 ftnt
1076 1383 1218 1458 ordinis
1243 1383 1481 1476 Menandri,
1509 1409 1584 1460 non

90 1509 208 1562 tamen
287 1483 402 1576 bitu,
441 1507 501 1560 aut
532 1483 622 1558 flore
696 1505 740 1554 ne
764 1485 987 1558 conveniunt
1021 1507 1102 1558 cum
1133 1483 1318 1560 clalstariis
1348 1484 1585 1562 Monandris.

88 1587 260 1664 Praeterea
297 1583 400 1661 causa
435 1581 630 1685 rejeciendi
667 1579 732 1658 lint
761 1581 849 1658 duas
875 1580 1009 1660 Clalses
1039 1581 1255 1684 supponitur
1285 1583 1354 1660 else
1388 1583 1589 1664 inconstan-

89 1691 177 1762 tiam
213 1686 374 1776 florum,
402 1685 465 1787 qui
496 1687 533 1760 in
563 1681 635 1760 illis
667 1705 761 1758 nune
791 1684 1025 1760 inveniuntur
1053 1683 1273 1776 Monoici,
1309 1709 1401 1764 nunc
1429 1685 1587 1782 Dioici,

88 1785 183 1886 laepe
209 1788 323 1862 etiam
342 1784 647 1888 Hermaphroditi
668 1811 676 1856 :
704 1781 743 1858 &
763 1839 775 1875 ,
802 1785 865 1884 qui
885 1782 1190 1886 Hermaphroditi
1209 1783 1401 1865 nascuntur
1417 1787 1455 1860 in
1474 1785 1589 1870 Amet

87 1889 192 1980 rici,
221 1886 314 1990 saepe
340 1887 473 1962 Dioiei
496 1942 508 1980 ,
545 1885 604 1962 vel
635 1885 825 1986 Polygnoti
857 1907 1047 1960 occurrant
1074 1887 1112 1960 in
1143 1883 1268 1962 insulis
1295 1889 1403 1962 maris
1437 1884 1587 1964 Austra-

1 2039 2 2072 ᾖ
86 1989 161 2080 lis,
184 1987 287 2063 Clar.
319 1984 489 2064 Forstero
515 1986 676 2064 testante.
718 1983 803 2081 Ego
834 1983 1145 2066 observationibus
1175 1985 1275 2062 Clar.
1308 1985 1483 2062 Virorum
1510 2013 1587 2066 non

90 2085 272 2189 praesumo
302 2089 567 2166 contradicere.
609 2083 773 2160 Tantum
807 2083 918 2164 allero
949 2081 1177 2186 frequentem
1208 2084 1486 2164 inconstantiam
1519 2088 1587 2166 flo-

1 2243 2 2300 1
89 2214 168 2263 rttm
200 2191 343 2264 illarum
373 2185 544 2264 Clallium
573 2183 667 2262 milri
695 2185 840 2262 obviam
870 2209 942 2262 non
972 2181 1074 2262 fuisse
1107 2214 1116 2258 ε
1160 2185 1221 2264 sed
1256 2211 1372 2262 raram
1406 2187 1557 2289 quidem
1574 2179 1593 2283 ,‘

92 2309 201 2402 prout
228 2290 354 2366 Celeb.
382 2288 552 2366 Linnaeus
573 2287 651 2388 jam
682 2307 786 2364 antea
813 2283 1094 2382 observaverat,
1121 2311 1305 2391 quumque
1335 2289 1496 2390 propriis
1530 2290 1589 2371 lo·

1 2417 2 2492 t
93 2413 147 2466 crs
172 2413 345 2468 annotare
377 2413 449 2464 non
476 2389 767 2488 praetermittam.

233 2491 394 2593 Itaque,
421 2487 568 2564 servatis
590 2488 629 2562 in
658 2487 724 2564 hac
755 2487 865 2568 Flora
897 2487 1099 2582 claribus,
1128 2485 1167 2564 &
1193 2488 1395 2568 Ordinibus
1419 2489 1590 2570 Celeber-

93 2593 173 2668 rimi
204 2591 406 2693 Coryphaei
437 2591 543 2666 nollri
564 2589 735 2680 Linnaei,
761 2589 911 2666 cuilibet
928 2589 1096 2682 Generi,
1129 2589 1168 2664 δι
1202 2591 1347 2690 Speciei
1376 2613 1589 2694 praeponam

93 2695 379 2784 definitionem,
404 2689 429 2766 st
462 2690 581 2782 adfit,
606 2688 653 2764 ab
678 2689 810 2766 eodem
835 2689 1109 2793 praescriptam,
1136 2691 1193 2766 vel
1211 2691 1452 2792 adoptatam:
1480 2689 1587 2768 five·
1657 2729 1661 2736 ·

92 2795 132 2871 rb
158 2791 411 2884 derideretur,
441 2792 594 2868 nostram
630 2787 871 2868 substituemus
886 2846 898 2883 ,
926 2791 975 2868 ita
1004 2813 1043 2868 ut
1070 2791 1208 2868 nullum
1237 2789 1390 2884 Genus,
1417 2815 1478 2870 aut
1496 2795 1588 2896 Spe·

94 2899 183 2971 eiem
215 2891 442 2996 proferamus
471 2891 601 2996 absque
631 2889 845 2968 delinitione
864 2891 1011 2993 praevii.
1042 2891 1305 2992 subsequenter
1323 2890 1464 2974 babitus
1483 2892 1590 2996 plan·

2 3055 3 3063 ,
95 3015 165 3088 tae,
196 2995 374 3096 smulque
396 3000 497 3072 'notae
526 2988 695 3096 quaelibet
729 3017 792 3094 per
821 3017 881 3070 me
912 2989 1140 3086 observatae,
1168 2989 1304 3094 quibus
1333 2996 1460 3073 eadem
1479 2999 1586 3114 plan·

98 3119 132 3172 ta
161 3098 337 3174 convenit
368 3153 380 3188 ,
416 3118 475 3172 aut
504 3095 648 3174 diffidet
681 3093 940 3172 adelinitioue
969 3091 1196 3186 Linnaeana,
1232 3092 1290 3170 vel
1321 3120 1342 3169 a
1369 3096 1587 3197 Synontmis

103 3197 301 3274 Autborum
333 3253 345 3288 ,
379 3221 417 3273 ut
444 3194 500 3272 bis
531 3223 613 3274 eum
644 3193 717 3274 illis
747 3197 914 3300 proxime
943 3193 1120 3292 collaris,
1146 3193 1283 3284 veritas
1308 3189 1451 3276 facilius
1484 3187 1586 3276 eiua-

2 3315 3 3320 ‘
108 3316 186 3389 tur,
210 3299 247 3372 ὅ(
274 3295 468 3374 illucescat.
513 3298 659 3378 Similes
689 3321 792 3376 notat
820 3297 1018 3376 desuderavi
1051 3293 1259 3403 frequenter
1286 3293 1412 3377 videre
1438 3299 1474 3376 in
1493 3299 1590 3378 mul·

106 3397 151 3471 tis
176 3399 340 3500 operibus
366 3398 580 3488 Botauicis,
611 3423 676 3474 nec
708 3419 827 3476 tamen
858 3400 1012 3493 inveni,
1041 3401 1100 3477 vel
1132 3401 1217 3502 quia
1250 3425 1322 3480 non
1351 3397 1494 3479 fuerant
1523 3401 1589 3480 ob·

102 3494 272 3593 servatae,
301 3503 359 3576 vel
386 3520 425 3574 ut
452 3499 641 3599 superfluae
667 3497 815 3576 relislse.
843 3499 916 3577 Sed
944 3501 1018 3578 illis
1046 3527 1170 3578 carens
1203 3505 1284 3604 quis
1313 3502 1414 3578 resse
1441 3503 1588 3606 judica·

99 3623 135 3672 re
164 3608 302 3701 poterit
333 3599 379 3675 de
403 3599 539 3775 plantis
567 3598 751 3688 exoticis,
778 3621 838 3676 aut
864 3601 1059 3703 longinqui
1088 3601 1186 3704 soli,
1214 3626 1260 3678 an
1290 3602 1375 3705 apte
1390 3659 1403 3696 ,
1433 3605 1593 3685 relinee

100 3701 158 3797 pte
185 3703 380 3776 collocatae
421 3702 567 3793 uerint,
595 3720 656 3776 aut
683 3699 909 3778 collocaudae
941 3701 1008 3778 stnt
1040 3702 1077 3776 in
1107 3705 1169 3780 tali
1200 3701 1375 3794 Genese,
1403 3705 1463 3784 vel
1497 3705 1521 3782 S
1549 3732 1589 3782 e·

99 3799 183 3876 cie?
212 3799 416 3900 Quomodo
434 3797 603 3880 Scientiae
618 3795 797 3902 perfestio
815 3799 1037 3878 obtinebitur
1056 3803 1069 3872 l
1097 3807 1219 3901 Quam
1249 3803 1401 3908 perinde
1421 3733 1550 3909 expecl

100 3925 196 3980 verat
224 3899 404 3977 Gesnerus
430 3898 611 4004 sapienter
637 3899 684 3978 ad
713 3899 902 3978 Fuchsrum
933 3899 1098 3980 scribens.
1123 3901 1299 4005 Quod-st
1318 3902 1410 3996 suas
1432 3907 1529 4008 quis
1543 3931 1588 3982 ue

99 4000 382 4100 observationes·
402 4002 615 4101 protulerit
643 4057 656 4096 ,
684 4000 775 4103 spes
801 4000 851 4096 est
878 4001 1078 4104 aliquando
1096 4001 1187 4097 fore
1213 4063 1227 4101 ,
1264 4022 1309 4084 ut
1341 4031 1388 4082 ear
1419 3931 1588 4086 omnisne

100 4121 186 4205 spur
221 4127 334 4178 unum
358 4101 569 4198 rbfhlutum
592 4101 835 4204 perficiatur.

102 4255 109 4262 -
241 4205 414 4298 Genera,
440 4203 487 4280 δι’
508 4207 655 4306 Species
683 4203 785 4308 hujus
803 4204 925 4287 Florae
952 4207 1055 4311 signo
1081 4211 1106 4284 †
1137 4229 1260 4288 notata
1289 4235 1363 4288 non
1380 4215 1507 4290 omnia
1525 4241 1593 4292 no-

105 4330 146 4380 va
174 4303 244 4384 elle
272 4303 462 4404 prosumo.
489 4304 767 4386 Tantummodo
796 4308 959 4386 indicare
990 4311 1090 4388 volui
1121 4337 1180 4390 eas
1197 4309 1339 4413 plantas
1367 4315 1480 4391 telin
1500 4340 1591 4417 ope·

105 4403 199 4483 ribtu
225 4405 348 4489 Celeb.
378 4405 520 4488 Liunaei
555 4433 629 4485 non
660 4410 847 4500 inveniri,
883 4411 1027 4492 velita
1055 4437 1076 4514 a
1101 4413 1196 4488 meis
1223 4413 1421 4491 observatis
1455 4413 1592 4492 discre-

103 4527 257 4608 pantes,
280 4529 321 4584 ut
349 4533 418 4608 pro
443 4505 592 4586 diversis
606 4541 623 4599 ·,
654 4527 714 4584 aut
743 4509 849 4586 novis
875 4505 997 4588 haberi
1017 4512 1174 4613 pollint.
1211 4513 1320 4590 Circa
1354 4539 1466 4592 novas
1497 4517 1592 4616 Spe·

103 4607 202 4701 cies,
230 4631 288 4686 aut
314 4607 456 4690 Genera
485 4609 729 4696 constituenda
762 4634 835 4684 non
861 4609 1026 4689 omnibus
1055 4615 1154 4690 idem
1181 4612 1227 4690 est
1238 4603 1433 4714 judicium.
1459 4617 1588 4728 ltaque

102 4704 174 4786 line
201 4707 318 4789 nostra
348 4709 386 4784 in
414 4709 502 4786 dato
530 4708 620 4792 loco
640 4731 851 4803 maneant,
877 4711 994 4790 donee
1021 4709 1227 4792 Doslnrum
1247 4716 1418 4806 Virorum
1439 4721 1592 4792 comen·

104 4805 167 4904 su,
191 4812 251 4888 cui
287 4835 363 4888 nnn
389 4831 579 4986 repom,
609 4812 646 4888 in
675 4809 866 4886 meliorem
895 4810 1166 4903 transferantur.
1249 4884 1264 4900 ,
1293 4859 1312 4898 ,;
1352 4857 1358 4896 :
1393 4871 1411 4896 ,.
1439 4855 1456 4872 ··
1550 4851 1555 4862 ,
1588 4853 1592 4860 -
1630 4873 1634 4880 .

239 4909 487 5013 Descriptioui
565 4915 586 5004 “,
608 4911 648 4985 dc
675 4911 902 5013 synonymis
927 4911 1136 5000 Autlmrum
1165 4917 1313 5018 paginas
1339 4917 1529 5018 implere,
1549 4916 1590 4994 δι

1551 3833 1590 3886 a·

10 5122 17 5139 ⁵
106 5007 273 5093 iussorem
299 5035 454 5118 gratam
481 5033 557 5098 usn
579 5007 638 5102 eli.
659 5013 917 5128 aumbaldi
935 5015 1062 5122 plora,
1078 5017 1166 5104 velit
1182 5015 1336 5113 ‚rfes'ele
1361 5017 1515 5100 colecta
1536 5021 1593 5096 ir·
1686 5117 1690 5126 .

1445 5125 1568 5203 veniet
