4392 5838
1496 511 1540 567 nt

209 593 754 716 CAND1D0,AC
796 597 929 690 aar
975 602 1397 700 Hausnarn

359 786 808 898 STUDIOSO
842 787 1250 904 LECTORI.

74 1106 399 1362 REonurr
426 1105 729 1202 Cochinchinae,
766 1107 867 1210 quod
894 1132 977 1190 ante
1010 1111 1084 1191 duo
1111 1112 1239 1194 saecula
1266 1114 1453 1196 Tunkini'
1470 1145 1555 1227 pars

210 1207 356 1304 fuerat,
384 1211 516 1312 incipit
544 1211 640 1287 circa
669 1207 853 1286 decimum
883 1209 1051 1291 odarum
1074 1217 1227 1318 gradum
1254 1219 1456 1298 latitudinis
1483 1223 1557 1298 Bo-

210 1310 346 1386 realis:
376 1311 565 1414 indeque,
592 1309 779 1414 occupatis
811 1337 925 1414 regno
958 1313 1200 1420 Champavd,
1225 1315 1264 1394 dt
1326 1341 1402 1396 arte
1420 1321 1556 1398 Orie'n·

59 1420 129 1530 'fi
153 1409 400 1528 Cambodre,
426 1411 499 1488 late
528 1413 574 1528 ad
601 1409 770 1488 Austrum
803 1414 1008 1492 extenditur
1037 1442 1101 1518 per
1127 1419 1260 1518 gradus
1279 1345 1468 1526 plusquam
1489 1447 1556 1499 no·

74 1544 147 1600 rem
174 1518 290 1616 usque
318 1537 357 1587 rn
381 1511 497 1591 finum
525 1510 761 1590 Stamensem.

188 1613 368 1714 Triginta
400 1615 458 1690 lex
491 1617 625 1707 annis,
651 1614 783 1716 quibus
807 1613 846 1690 in
869 1629 922 1692 'eo
949 1639 1198 1696 commoratus
1229 1619 1304 1698 sum
1334 1677 1346 1717 ,
1382 1621 1435 1700 sat
1463 1639 1566 1700 tem·'

2 1771 4 1782 ν
73 1722 166 1822 poris
194 1715 302 1796 habui
331 1713 380 1792 ad
403 1713 657 1816 perscrutanda
674 1713 825 1792 Nature
853 1740 982 1792 arcana
1006 1721 1168 1820 regionis
1187 1725 1411 1822 peculiaria:
1440 1749 1553 1840 quan·

2 1917 3 1922 ¹
75 1821 200 1900 tumris
227 1841 301 1895 non
333 1815 416 1892 satis
445 1815 512 1890 otii
547 1871 560 1910 ,
597 1817 653 1891 vel
685 1815 878 1916 cujuslibet
910 1815 1148 1920 adjumenti,
1184 1847 1265 1900 cum
1294 1823 1368 1902 sola
1397 1825 1556 1926 dingen·

2 1941 3 2006 g
75 1923 147 2015 tia,
172 1919 215 1996 δι
247 1913 420 1995 industria
447 1913 539 1991 mihi
557 1913 712 1992 subsrdio
728 1917 875 1994 fuerint.
903 1917 995 1996 Illuc
1015 1924 1138 2026 primo
1155 1923 1459 2002 transmeaverant
1477 1951 1560 2004 eum

73 2023 105 2098 in
129 2024 270 2114 linem,
308 2039 348 2096 ut
372 2015 476 2095 Euan
506 2019 618 2096 elicus
644 2017 766 2094 Praeto
796 2043 1028 2096 communem
1059 2025 1225 2100 omnium
1250 2025 1491 2120 Creatorem,
1516 2025 1557 2102 dr

72 2122 291 2201 Salvatorern
315 2117 439 2212 Jesum
467 2041 652 2196 &hristum
684 2113 756 2194 illis
786 2120 954 2220 gentibus
970 2125 1232 2200 annuntiarem.
1259 2126 1353 2222 Ast,
1380 2151 1461 2204 cum
1477 2123 1559 2202 eth-

71 2227 147 2300 nica
174 2219 378 2325 superstitio
401 2218 562 2296 nimium
595 2215 800 2314 obsrlleret,
825 2217 864 2294 &
892 2225 995 2324 regni
1024 2224 1124 2338 leges
1149 2245 1342 2322 vetarent,
1371 2252 1416 2304 ne
1443 2226 1558 2304 homo

2 2341 3 2410 l
72 2323 266 2426 Europaeus
296 2319 347 2398 ibi
376 2319 509 2418 pedem
541 2319 665 2422 figeret
695 2376 707 2414 ,
742 2343 834 2422 opus
861 2321 1152 2426 mihiprolesto
1177 2324 1283 2422 fuit,
1320 2351 1360 2406 ut
1389 2327 1559 2405 manendi
1670 2413 1672 2420 ¹

71 2421 276 2501 facultatem
304 2420 507 2498 obtinerem
534 2477 547 2517 ,
584 2419 751 2498 omnibus
782 2421 986 2502 Prudentia
1018 2424 1151 2504 viribus
1180 2481 1194 2522 ,
1234 2427 1490 2522 Constantiae,
1518 2425 1558 2502 dr

2 2547 3 2596 Τ
71 2523 266 2602 Charitatis
296 2522 531 2600 contendere.

2 2635 3 2640 '
210 2625 417 2704 Prudentiae
450 2625 631 2728 quidem,
660 2649 705 2700 ne
733 2623 850 2700 nimio
882 2627 966 2704 zelo
991 2647 1177 2730 correptus
1207 2629 1352 2708 viderer
1379 2629 1557 2732 Principis

2 2757 3 2792 i
73 2727 162 2830 leges
199 2729 321 2830 palam
349 2725 573 2827 despicere,
611 2723 857 2828 insimulque,
882 2747 922 2802 ut
948 2753 1070 2804 earum
1100 2727 1331 2808 scientiarum
1357 2729 1450 2824 usu,
1478 2755 1561 2831 quae

1 2797 3 2906 l
73 2829 122 2907 illi
156 2831 280 2932 magis
318 2827 462 2930 placere
502 2847 672 2930 poterant
703 2883 715 2922 ,
754 2827 951 2903 firmiorem
993 2825 1101 2929 ipsus
1136 2832 1290 2932 gratiam
1328 2833 1559 2909 demererer:

1 2935 2 2978 ³
75 2930 321 3024 Constantia,
348 2949 387 3004 ut
416 2927 564 3006 adversa
593 2927 791 3032 qualibet,
817 2953 899 3030 quae
925 2929 1035 3005 etiam
1061 2931 1098 3004 in
1118 2933 1271 3032 genitali
1298 2931 1377 3011 solo
1390 2931 1487 3008 haud
1506 2955 1562 3006 ra-

1 3081 2 3120 3
75 3031 113 3105 rb
139 3031 369 3124 obveniunt,
397 3031 434 3106 in
464 3029 585 3106 alieno
616 3029 764 3106 sortiter
793 3027 974 3106 sufferrem
1005 3057 1013 3102 :
1057 3029 1287 3126 Charitatis,
1321 3057 1361 3110 ut
1393 3029 1561 3108 omnibus

1 3195 2 3212 .
76 3135 188 3208 amnia
210 3130 382 3233 fassus,
421 3135 570 3234 privato
602 3131 801 3206 commodo
832 3185 845 3224 ,
881 3130 1029 3209 lucrove
1058 3129 1260 3229 posthabito
1294 3191 1306 3228 ,
1340 3133 1470 3210 alienis
1497 3158 1562 3206 ne·
1619 3226 1623 3233 .

1 3215 3 3332 l
83 3234 284 3312 cellitaribus
318 3231 579 3326 subvenirem,
606 3232 718 3334 idque
746 3231 928 3332 precipue
950 3255 1022 3332 ope
1038 3234 1125 3310 artis
1139 3233 1331 3328 Medica,
1359 3234 1454 3337 qud,
1475 3233 1561 3334 juxss

84 3350 118 3408 ta
143 3335 376 3410 Dominicum
404 3357 626 3436 praeceptum
655 3345 787 3406 curate
810 3330 1005 3426 infirmos,
1032 3332 1099 3434 qui
1127 3337 1169 3408 r'rr
1185 3333 1258 3410 illa
1273 3335 1396 3436 sunt,
1423 3357 1561 3436 oppor-

1 3465 2 3542 l
79 3435 217 3512 tuniora
250 3434 447 3540 pharmaca
477 3433 689 3527 omnibus,
731 3451 805 3508 tam
835 3431 1026 3528 fidelibus,
1054 3461 1162 3538 quarn
1190 3436 1395 3514 infidelibus
1429 3429 1564 3532 depos·

1 3553 2 3556 ‘
77 3534 236 3614 centibus
265 3535 435 3629 solicite,
462 3533 500 3610 δι
531 3537 644 3635 gratis
670 3535 820 3637 quidem
849 3531 1119 3612 distribuebam.
1144 3537 1302 3638 ltaque,
1328 3537 1414 3612 Deo
1431 3532 1560 3610 faren-

0 3688 1 3705 ‘
76 3635 215 3840 lali.
240 3633 1217 3840 llllll.l.llll⁰ll.².li⁰ll.”tlllflli‘
1237 3639 1563 3820 §lllal‘lzf

76 3835 309 3934 themaricis,
333 3838 373 3916 δι
402 3835 559 3940 Physrcis
589 3833 803 3916 Praefeslum
833 3861 892 3914 me
918 3835 1113 3946 constituit.
1140 3765 1277 3916 berum
1311 3861 1452 3916 nonen
1480 3832 1561 3935 ipso

1 3975 5 4084 p
76 3935 310 4042 Evangelicae
335 3939 516 4018 dostrinae
541 3938 817 4043 promulganda
840 3935 1041 4018 libertatem
1072 3938 1160 4018 fecit
1192 3969 1200 4014 :
1244 3934 1481 4020 dillrmulabat
1509 3954 1562 4012 ta-

74 4061 153 4117 men
181 4043 390 4120 dummodo
417 4067 471 4118 res
495 4041 628 4135 caute,
656 4039 700 4120 dt.
722 4042 865 4118 occulte
887 4063 1064 4141 ageretur.

199 4143 330 4221 Rebus
344 4146 394 4222 ita
411 4141 615 4243 dispositis,
645 4142 866 4220 affluentium
889 4143 1121 4220 multitudine
1139 4170 1230 4247 pene
1245 4141 1417 4222 obruebat
1432 4197 1443 4234 ,
1470 4161 1577 4239 quo--

75 4267 153 4322 rum
184 4243 523 4324 multiCatbolicae
550 4245 761 4345 Religionis
790 4241 992 4346 mysteriis,
1016 4269 1058 4322 ac
1087 4247 1277 4348 praeceptis
1306 4241 1425 4328 instrui
1472 4236 1565 4324 ostu7

77 4341 231 4442 labant,
268 4347 432 4452 plerique
462 4371 536 4423 non
563 4344 628 4422 nist
655 4347 819 4447 corporis
846 4343 1107 4422 medicamenta
1138 4345 1390 4446 exposcebant.
1463 4365 1482 4416 a
1511 4357 1566 4413 ta·

76 4467 163 4522 men
191 4447 339 4526 dirersis
361 4445 498 4526 morbis
532 4447 700 4526 curandis
732 4443 925 4522 necessaria
952 4472 1019 4524 nec
1050 4472 1095 4524 ex
1120 4447 1270 4549 Europd
1300 4444 1433 4520 habere
1462 4459 1567 4539 pote·

77 4569 185 4645 tarn,
214 4573 310 4647 nec,
337 4550 362 4628 fi
391 4547 620 4644 habuissem,
645 4543 729 4626 latis
757 4543 875 4624 sorem
902 4545 948 4622 ad
976 4546 1202 4628 solvendum.
1240 4549 1477 4646 Qrapropter
1505 4563 1567 4613 co·

78 4649 190 4746 gitare
226 4673 270 4726 ex
300 4652 386 4730 hrnc
415 4653 508 4754 caepi
537 4709 548 4747 ,
613 4673 742 4726 uanam
768 4647 908 4723 ratione
937 4650 1125 4726 materiam
1151 4645 1375 4738 Medicam,
1402 4638 1566 4718 Cochin-

79 4747 194 4833 chinae
225 4751 438 4855 indigenam
467 4807 479 4846 ,
516 4752 554 4829 &
586 4677 635 4826 ibi
665 4774 739 4826 non
767 4771 902 4849 magno
930 4749 1131 4850 parabilem
1157 4749 1346 4850 Europaeae
1374 4737 1563 4853 pretiosro·

79 4849 108 4924 ri
132 4853 417 4936 substituerem?
454 4853 612 4958 Hocque
639 4851 816 4948 initium,
842 4849 881 4926 lit
908 4851 1012 4979 capla
1039 4847 1110 4930 fuit
1138 4850 1287 4932 conatus
1313 4847 1390 4925 rnei
1417 4845 1455 4920 in
1485 4839 1564 4917 Scr-

81 4955 169 5042 entia
195 4957 385 5044 uorauca
872 5047 923 5106 fl
1232 5003 1234 5008 ’
1473 5039 1550 5124 υς·
1574 5041 1588 5060 .-
1655 4980 1662 4990 ’
