4392 5838
634 541 707 601 tttv

607 649 732 728 veniet
764 651 807 726 in·
881 645 1028 726 lietnate
1082 651 1260 729 lantarum
1277 646 1479 726 Linnaeeno
1507 669 1573 750 per
1597 641 1957 724 classatehardnm
1976 671 2107 724 tecen-

582 769 663 839 ,tet
688 750 816 845 edito,
906 748 1005 826 alibi.
1072 777 1116 830 os
1144 747 1192 826 ed
1222 747 1383 850 lingulas
1413 749 1548 850 species
1577 749 1668 824 duos
1698 751 1910 852 plerumque
1937 747 2102 826 laudabi-

605 873 689 930 mus
704 903 718 945 ,·
744 873 787 928 ex
813 851 872 929 nis
897 855 1081 956 precipue
1096 907 1115 947 ‚a
1135 853 1199 956 qui
1230 848 1371 952 plantas
1401 849 1570 927 Indianas
1605 849 1645 924 in
1672 848 1749 951 ipss
1777 850 1883 926 inditi
1914 851 2102 928 examino-

605 973 719 1046 runt,
746 952 805 1032 vel
831 949 989 1048 saltem,
1016 953 1041 1031 fi
1070 954 1298 1046 habeantur,
1327 953 1416 1053 qui,
1455 955 1616 1055 acceptis
1645 951 1733 1026 inde
1760 949 1936 1028 berberiis
1967 949 2106 1045 liceis,

605 1055 653 1130 tle
680 1053 743 1131 illl
771 1052 892 1157 plantd
925 1054 1101 1134 curiosus
1126 1075 1290 1156 egerunt.
1331 1053 1414 1128 Nec
1454 1053 1592 1156 perid
1622 1048 1728 1128 fateri
1759 1053 1875 1130 velim
1900 1077 1982 1130 mea
2015 1075 2108 1130 cum.

602 1155 678 1234 illis
704 1155 850 1272 penitus
883 1159 1090 1237 convenire.
1118 1160 1221 1234 lnter
1249 1155 1333 1232 illos
1363 1156 1400 1229 in
1426 1157 1554 1254 primis
1572 1153 1718 1230 excellit
1734 1151 1955 1245 industrius,
1982 1149 2103 1235 &in-

603 1254 756 1351 defessus
787 1254 994 1358 Rumphius
1024 1313 1035 1353 ,
1072 1280 1156 1338 ctnn
1182 1281 1257 1360 quo
1285 1254 1399 1333 nostra
1425 1251 1651 1362 frequentius
1677 1253 1899 1348 coherent,
1936 1275 2015 1330 tum
2047 1254 2100 1330 ob

603 1359 785 1436 minorem
818 1357 1023 1436 distantiam
1051 1359 1251 1451 locorum,
1285 1379 1363 1453 tum
1393 1356 1443 1432 ob
1471 1359 1649 1435 acumtius
1675 1355 1779 1458 hujus
1810 1354 1993 1432 Arethonis
2015 1369 2102 1431 'exa-

601 1481 699 1536 men.
728 1459 890 1536 Hortum
923 1459 1189 1538 Malabaricum
1213 1460 1321 1536 Clas.¹
1342 1457 1517 1554 Rheetli‚
1557 1477 1667 1561 quem
1693 1455 1785 1532 milti
1817 1457 2007 1559 perutilem
2040 1452 2104 1533 su-

600 1579 721 1640 torum
749 1558 979 1664 sperabam,
1013 1565 1179 1667 quamvis
1217 1561 1416 1662 diligenter
1448 1560 1631 1664 quaesitum
1665 1585 1739 1636 non
1770 1558 1873 1660 potui
1901 1557 2103 1653 obtinete,

601 1655 761 1764 ideoque
778 1683 860 1739 raro
887 1665 932 1740 in
945 1662 1064 1741 testem
1081 1665 1211 1742 vocavi
1229 1663 1274 1737 ab
1293 1661 1374 1738 aliis
1392 1662 1590 1740 laudatum.
1617 1662 1685 1738 Pro
1710 1658 1844 1763 plantis
1859 1658 1988 1736 Celeb.
2007 1658 2100 1734 Lin-

473 1844 478 1850 ,
602 1781 683 1868 naso
713 1764 875 1842 nondum
908 1767 1098 1866 cognitis,
1124 1787 1189 1840 nec
1220 1763 1267 1839 ab
1295 1761 1373 1840 alio
1397 1763 1492 1842 clarb
1519 1763 1739 1863 descriptis,
1766 1759 1827 1836 sed
1855 1783 1953 1835 ame
1982 1785 2099 1859 nuper

599 1862 799 1945 observatis
828 1883 903 1943 non
929 1869 1205 1984 praetermittam
1234 1863 1437 1968 quemlibet
1463 1865 1667 1942 Autborem
1697 1864 1842 1956 citare,
1869 1885 1981 1964 quent
1993 1861 2102 1962 judi.

601 1983 683 2042 cem
712 1965 760 2042 de
791 1965 854 2044 illl
878 1965 1018 2068 egisse,
1045 1967 1214 2070 quamvis
1239 1964 1421 2059 obscure,
1448 1963 1486 2041 &
1517 1965 1753 2068 incompletb.

743 2067 871 2146 Solum
902 2065 1020 2147 natale
1048 2067 1302 2170 cujuscumque
1330 2061 1461 2166 speciei
1494 2069 1752 2166 utplurimum
1781 2061 1944 2166 subjeci3
1983 2061 2095 2166 stqui-

597 2163 685 2244 dem
713 2191 756 2242 ex
782 2167 879 2246 illius
929 2167 1079 2247 ualitate
1113 2165 1207 2286 saepe
1237 2165 1331 2243 iliius
1363 2172 1601 2269 proprietates
1632 2166 1844 2245 inseruntur.
1890 2164 2098 2265 Quastyle

597 2265 729 2348 velites
758 2267 873 2365 dico,
900 2195 985 2350 larris
1015 2270 1233 2372 intelligitur
1260 2266 1328 2344 elle
1356 2268 1559 2370 indigenas.
1588 2267 1651 2350 De,
1674 2269 1780 2346 cultis
1810 2270 1934 2367 paucae*
1950 2263 2031 2340 sunt
2049 2263 2097 2340 de

598 2367 697 2448 Sinis
723 2371 906 2450 translate
932 2374 970 2448 in
1000 2368 1295 2449 Cochinchinam
1316 2396 1339 2466 :¹
1363 2371 1580 2472 pauciffimae
1612 2396 1654 2447 ex
1683 2371 1765 2447 aliis
1795 2369 1900 2444 locis.
1926 2363 2099 2467 Tempus

597 2465 757 2548 llotendi
792 2487 866 2548 non
892 2497 913 2550 a
941 2469 1074 2588 posui,
1101 2473 1188 2575 quia
1219 2472 1259 2548 iu
1288 2471 1411 2548 multis
1439 2473 1616 2548 incertum
1643 2471 1692 2547 est
1721 2474 1757 2547 in
1788 2463 2095 2574 tertisAEquato-

525 2573 528 2578 '
595 2571 629 2647 ri
657 2572 865 2670 proximis,
890 2501 951 2650 obt
977 2570 1121 2649 arbores
1149 2575 1265 2673 longo
1295 2593 1460 2675 tempore
1488 2573 1621 2649 florent
1649 2620 1661 2665 ‚
1695 2573 1827 2673 aliquae
1858 2589 1939 2645 toto
1966 2591 2096 2662 anno,

596 2669 866 2748 &admodum
894 2697 972 2750 rata
1003 2671 1093 2767 est,
1130 2698 1210 2774 quac
1242 2695 1343 2770 certo
1376 2693 1447 2750 tem
1478 2700 1541 2749 ore
1573 2672 1678 2750 foliis
1703 2672 1870 2752 omnibus
1905 2670 2097 2769 spolietur,

596 2765 704 2848 Utile
724 2772 891 2873 judicari
919 2770 1117 2866 arborum,
1143 2771 1346 2866 fruticum,
1383 2773 1423 2850 δι
1452 2699 1642 2850 lemarum
1674 2771 1965 2876 magnimdinem
1994 2769 2095 2846 ordi-

596 2871 739 2950 neriam'
763 2873 958 2967 indicare,
984 2897 1058 2950 non
1086 2893 1207 2950 tamen
1239 2873 1528 2968 immutabilem,
1557 2901 1639 2951 cum
1669 2875 1867 2976 aliquando
1897 2869 1977 2972 plus
2003 2869 2099 2946 cres·

597 2991 658 3092 eat
683 2968 967 3150 hffbffimffis
995 2975 1032 3050 in
1061 2975 1202 3076 optime
1236 2971 1359 3067 tens,
1397 2975 1435 3051 dt
1465 2976 1642 3071 climate,
1671 3001 1782 3084 quam
1811 2972 1918 3050 arbor
1943 2994 2096 3074 procera

593 3091 651 3152 m·
742 3097 836 3153 nnis.
1497 3127 1499 3134 -
1626 3087 1629 3094 ’

506 3151 575 3192 ’β
667 3097 714 3174 pe
737 3171 835 3253 Usus
862 3177 1114 3254 oeconomicos
1144 3201 1218 3254 non
1245 3175 1352 3253 debui
1381 3177 1593 3280 praeterire,
1619 3203 1700 3254 cum
1735 3176 1796 3252 hic
1831 3174 1873 3252 stt
1901 3174 1983 3250 finis
2016 3179 2093 3279 pri-

593 3275 731 3352 marius
756 3277 945 3356 botanicce
960 3333 972 3372 ,
999 3277 1039 3354 δι
1069 3301 1114 3354 ex
1141 3299 1257 3380 regno
1290 3277 1497 3379 Vegetabili
1531 3276 1705 3382 pleraque
1737 3275 1935 3353 commoda
1971 3275 2095 3354 homi-s

592 3375 702 3454 nibus
730 3379 960 3480 proveniant.
986 3377 1063 3457 Eos
1089 3379 1245 3456 breviter
1271 3377 1469 3472 indicati,
1506 3403 1598 3482 quos
1625 3405 1667 3454 ex
1691 3379 1871 3480 proprii,
1901 3376 1959 3453 vel
1985 3380 2092 3454 inco-
2154 3404 2159 3418 ¹

591 3477 711 3558 larun
740 3479 966 3580 experientis
995 3479 1123 3561 melius
1149 3477 1326 3558 stabilitos
1352 3483 1525 3583 comperi.
1555 3479 1715 3557 Virtutes
1743 3478 1928 3556 Medicas
1948 3503 2021 3554 non
2039 3501 2093 3555 te-

539 3607 542 3612 *
592 3601 693 3654 mete
720 3581 863 3674 extuli,
889 3577 953 3657 secl
1005 3583 1082 3678 taxi
1113 3579 1282 3658 diuturni
1309 3579 1507 3684 probatas,
1535 3579 1627 3684 saepe
1656 3578 1766 3657 etiam
1797 3581 1833 3654 in
1862 3578 1963 3655 libris
1992 3579 2092 3657 sint·

592 3681 647 3756 eis
673 3677 938 3782 comprobatas.
994 3681 1102 3760 lultae
1129 3682 1280 3785 quidem
1305 3705 1389 3758 cunt
1414 3681 1611 3759 Medicina
1635 3679 1819 3780 Europes
1842 3684 2089 3758 conveniunt:

591 3780 703 3878 aliae,
731 3784 899 3884 quamvis
923 3787 1107 3879 exoticae,
1145 3805 1219 3859 non
1250 3782 1337 3859 ideo
1365 3781 1638 3883 despiciendo,
1666 3779 1728 3857 sed
1753 3780 1910 3881 amplius
1935 3779 2093 3882 probam

592 3878 661 3958 dae.
690 3881 836 3982 Sapor,
861 3879 901 3957 &
927 3884 1023 3962 odor
1046 3883 1179 3988 plantae
1205 3882 1361 3961 adhunc
1388 3907 1433 3958 co
1463 3883 1640 3958 nitionem
1670 3881 1835 3974 ducunt,
1863 3879 1948 3956 ideo
1977 3881 2090 3961 inter·

593 3979 895 4058 connotantur.
932 3983 1085 4062 Florum
1122 3983 1265 4062 colores
1299 4009 1365 4061 nec
1399 4001 1419 4058 a
1475 3983 1726 4084 cognitionem
1753 3982 1987 4074 Medicam,
2023 4007 2092 4063 nee

592 4080 640 4158 ad
665 4082 878 4160 Botanicam
908 4087 1062 4164 multum
1086 4083 1252 4190 praestare
1278 4083 1474 4162 existimo:
1500 4109 1575 4160 non
1603 4101 1724 4161 tamen
1746 4079 1896 4172 ‚suerunt
1914 4087 2090 4162 omitten-

591 4182 661 4277 dt;
688 4205 772 4259 nam
800 4186 922 4287 primo
950 4186 1048 4263 oculi
1076 4189 1210 4264 intuitu
1243 4183 1393 4263 abillis
1422 4183 1588 4261 ducimur
1618 4189 1655 4262 in
1672 4184 1883 4264 ulteriorem
1901 4185 2088 4290 cognitio-

589 4307 702 4373 nem,
730 4280 971 4392 hominesque
1000 4287 1144 4366 indosli
1173 4313 1217 4364 ex
1245 4286 1689 4391 illisquomodocumque
1719 4283 1938 4388 dignoscunt
1966 4289 2090 4368 divers

588 4379 644 4460 sss
669 4381 837 4484 species,
866 4391 1033 4490 quamvis
1066 4387 1160 4493 saepe
1190 4386 1399 4468 fallaciterr
1427 4412 1555 4467 omnes
1585 4409 1707 4467 autem
1732 4389 1946 4485 allicimur,
1974 4389 2014 4466 &
2031 4411 2088 4467 tes

589 4508 755 4561 creamur
786 4487 929 4588 pistum
960 4489 1023 4568 illd
1051 4511 1124 4568 tam
1151 4489 1280 4588 varis,
1306 4492 1611 4596 quarn'naturali.
2079 4535 2082 4542 ·

731 4589 988 4694 Botanophilis
1015 4593 1128 4693 vulgo
1159 4619 1233 4672 non
1289 4593 1411 4674 lacent
1438 4619 1550 4698 opera
1576 4590 1753 4674 Botanica
1768 4651 1783 4692 ,
1810 4619 1892 4698 que
1923 4589 2084 4689 tabulis,

587 4683 627 4762 bt
656 4685 781 4790 liguris
810 4691 1015 4794 plantarum
1044 4621 1325 4796 elegantioribus
1358 4724 1433 4775 non
1458 4695 1689 4774 adornantur.
1725 4695 1810 4800 Ego
1838 4699 1877 4773 in
1906 4693 1974 4772 hac
2007 4719 2086 4773 arte

589 4811 665 4863 non
693 4789 797 4867 valeo
827 4820 836 4866 ι
873 4818 940 4870 nec
969 4796 1008 4871 in
1034 4795 1318 4894 Cochinchind,
1354 4797 1393 4875 &
1426 4801 1465 4876 in
1493 4798 1574 4874 aliis
1604 4797 1963 4902 peregrinationibus
1990 4797 2084 4874 meis

586 4887 714 5004 iqrsni
742 4892 900 5000 peritum
931 4894 1119 5000 aliquem,
1146 4903 1210 5002 qui
1240 4900 1440 5003 adjuraret.
1466 4897 1607 4977 Plantas
1636 4903 1825 4993 rariores,
1852 4925 1942 5003 quaa
1970 4901 2088 4978 colle·

542 5012 555 5020 ’
587 5011 652 5090 3¹2
678 4987 718 5067 δί
740 4992 943 5097 exsiccans
964 4995 1105 5082 letati
1122 5055 1140 5095 ,
1161 5001 1301 5101 partim
1324 5001 1364 5080 iu
1391 4999 1570 5106 Anglism
1598 5002 1704 5102 mis,
1729 5000 1870 5106 partim
1894 5000 2081 5082 familiali«

1551 5153 1554 5159 ·
1998 5119 2057 5195 tet
