<?xml version="1.0" encoding="UTF-8"?>
<!DOCTYPE html PUBLIC "-//W3C//DTD XHTML 1.0 Transitional//EN"
    "http://www.w3.org/TR/xhtml1/DTD/xhtml1-transitional.dtd">
<html xmlns="http://www.w3.org/1999/xhtml" xml:lang="en" lang="en">
 <head>
  <title>
</title>
<meta http-equiv="Content-Type" content="text/html;charset=utf-8" />
  <meta name='ocr-system' content='tesseract 3.04.00' />
  <meta name='ocr-capabilities' content='ocr_page ocr_carea ocr_par ocr_line ocrx_word'/>
</head>
<body>
  <div class='ocr_page' id='page_1' title='image "./floracochinchin00lourgoog_0016.png"; bbox 0 0 4392 5838; ppageno 0'>
   <div class='ocr_carea' id='block_1_1' title="bbox 642 525 700 578">
    <p class='ocr_par' dir='ltr' id='par_1_1' title="bbox 642 525 700 578">
     <span class='ocr_line' id='line_1_1' title="bbox 642 525 700 578; baseline -0.034 0"><span class='ocrx_word' id='word_1_1' title='bbox 642 525 700 578; x_wconf 81' lang='grc' dir='ltr'>ΧΠ</span> 
     </span>
    </p>
   </div>
   <div class='ocr_carea' id='block_1_2' title="bbox 544 629 2151 4972">
    <p class='ocr_par' dir='ltr' id='par_1_2' title="bbox 610 629 2113 936">
     <span class='ocr_line' id='line_1_2' title="bbox 610 629 2111 739; baseline 0.003 -27"><span class='ocrx_word' id='word_1_2' title='bbox 610 661 661 728; x_wconf 77' lang='lat' dir='ltr'>rae</span> <span class='ocrx_word' id='word_1_3' title='bbox 688 629 993 710; x_wconf 84' lang='lat' dir='ltr'>Cocbinchinensr</span> <span class='ocrx_word' id='word_1_4' title='bbox 1021 629 1253 709; x_wconf 85' lang='lat' dir='ltr'>immiscuille</span> <span class='ocrx_word' id='word_1_5' title='bbox 1268 689 1279 726; x_wconf 90' lang='lat'>,</span> <span class='ocrx_word' id='word_1_6' title='bbox 1306 659 1387 710; x_wconf 89' lang='lat' dir='ltr'>cum</span> <span class='ocrx_word' id='word_1_7' title='bbox 1418 633 1601 712; x_wconf 86' lang='lat' dir='ltr'>Authores</span> <span class='ocrx_word' id='word_1_8' title='bbox 1629 635 1793 712; x_wconf 81' lang='lat' dir='ltr'>Floristae</span> <span class='ocrx_word' id='word_1_9' title='bbox 1817 634 1919 739; x_wconf 90' lang='lat' dir='ltr'>loqui</span> <span class='ocrx_word' id='word_1_10' title='bbox 1951 657 2111 718; x_wconf 80' lang='lat' dir='ltr'>tanturn·</span> 
     </span>
     <span class='ocr_line' id='line_1_3' title="bbox 613 732 2113 838; baseline 0.001 -23"><span class='ocrx_word' id='word_1_11' title='bbox 613 735 728 816; x_wconf 85' lang='lat' dir='ltr'>modo</span> <span class='ocrx_word' id='word_1_12' title='bbox 758 732 910 808; x_wconf 85' lang='lat' dir='ltr'>debeant</span> <span class='ocrx_word' id='word_1_13' title='bbox 938 733 982 808; x_wconf 90' lang='lat' dir='ltr'>de</span> <span class='ocrx_word' id='word_1_14' title='bbox 1009 733 1082 814; x_wconf 92' lang='lat' dir='ltr'>illis</span> <span class='ocrx_word' id='word_1_15' title='bbox 1116 789 1127 824; x_wconf 90' lang='lat'>,</span> <span class='ocrx_word' id='word_1_16' title='bbox 1162 759 1243 838; x_wconf 78' lang='lat' dir='ltr'>quae</span> <span class='ocrx_word' id='word_1_17' title='bbox 1278 733 1356 812; x_wconf 85' lang='lat' dir='ltr'>liutt</span> <span class='ocrx_word' id='word_1_18' title='bbox 1384 735 1505 814; x_wconf 86' lang='lat' dir='ltr'>Florae</span> <span class='ocrx_word' id='word_1_19' title='bbox 1531 735 1602 813; x_wconf 77' lang='lat' dir='ltr'>l&#39;uae</span> <span class='ocrx_word' id='word_1_20' title='bbox 1626 741 1811 816; x_wconf 79' lang='lat' dir='ltr'><strong>concives.</strong></span> <span class='ocrx_word' id='word_1_21' title='bbox 1840 739 1880 812; x_wconf 90' lang='lat' dir='ltr'>ln</span> <span class='ocrx_word' id='word_1_22' title='bbox 1913 739 2008 816; x_wconf 89' lang='lat' dir='ltr'>hanc</span> <span class='ocrx_word' id='word_1_23' title='bbox 2042 766 2113 816; x_wconf 90' lang='lat' dir='ltr'>no·</span> 
     </span>
     <span class='ocr_line' id='line_1_4' title="bbox 615 831 2112 936; baseline 0.001 -22"><span class='ocrx_word' id='word_1_24' title='bbox 615 856 717 927; x_wconf 84' lang='lat' dir='ltr'>tam,</span> <span class='ocrx_word' id='word_1_25' title='bbox 746 831 1003 936; x_wconf 85' lang='lat' dir='ltr'>qualiscunque</span> <span class='ocrx_word' id='word_1_26' title='bbox 1032 861 1072 912; x_wconf 87' lang='lat' dir='ltr'>ea</span> <span class='ocrx_word' id='word_1_27' title='bbox 1101 835 1173 924; x_wconf 83' lang='lat' dir='ltr'>stt,</span> <span class='ocrx_word' id='word_1_28' title='bbox 1200 861 1274 910; x_wconf 94' lang='lat' dir='ltr'>non</span> <span class='ocrx_word' id='word_1_29' title='bbox 1303 837 1450 934; x_wconf 89' lang='lat' dir='ltr'>ignarus</span> <span class='ocrx_word' id='word_1_30' title='bbox 1482 840 1644 930; x_wconf 90' lang='lat' dir='ltr'>incurri,</span> <span class='ocrx_word' id='word_1_31' title='bbox 1684 838 1748 914; x_wconf 89' lang='lat' dir='ltr'>sed</span> <span class='ocrx_word' id='word_1_32' title='bbox 1777 841 1908 914; x_wconf 86' lang='lat' dir='ltr'>maiori</span> <span class='ocrx_word' id='word_1_33' title='bbox 1941 867 2112 916; x_wconf 88' lang='lat' dir='ltr'>commo-</span> 
     </span>
    </p>

    <p class='ocr_par' dir='ltr' id='par_1_3' title="bbox 544 933 2119 1439">
     <span class='ocr_line' id='line_1_5' title="bbox 544 933 2115 1042; baseline 0.005 -33"><span class='ocrx_word' id='word_1_34' title='bbox 544 985 546 989; x_wconf 89' lang='lat'>·</span> <span class='ocrx_word' id='word_1_35' title='bbox 617 937 667 1018; x_wconf 89' lang='lat' dir='ltr'>do</span> <span class='ocrx_word' id='word_1_36' title='bbox 694 936 891 1036; x_wconf 90' lang='lat' dir='ltr'>legentium</span> <span class='ocrx_word' id='word_1_37' title='bbox 916 933 1117 1014; x_wconf 87' lang='lat' dir='ltr'>consulens.</span> <span class='ocrx_word' id='word_1_38' title='bbox 1145 937 1184 1012; x_wconf 86' lang='lat' dir='ltr'>Si</span> <span class='ocrx_word' id='word_1_39' title='bbox 1210 937 1291 1012; x_wconf 90' lang='lat' dir='ltr'>illas</span> <span class='ocrx_word' id='word_1_40' title='bbox 1318 939 1356 1010; x_wconf 92' lang='lat' dir='ltr'>in</span> <span class='ocrx_word' id='word_1_41' title='bbox 1384 938 1602 1040; x_wconf 86' lang='lat' dir='ltr'>appendices</span> <span class='ocrx_word' id='word_1_42' title='bbox 1636 995 1649 1030; x_wconf 93' lang='lat'>,</span> <span class='ocrx_word' id='word_1_43' title='bbox 1683 960 1723 1014; x_wconf 88' lang='lat' dir='ltr'>ut</span> <span class='ocrx_word' id='word_1_44' title='bbox 1755 939 1866 1014; x_wconf 89' lang='lat' dir='ltr'>moris</span> <span class='ocrx_word' id='word_1_45' title='bbox 1900 939 1979 1034; x_wconf 87' lang='lat' dir='ltr'>est,</span> <span class='ocrx_word' id='word_1_46' title='bbox 2007 941 2115 1042; x_wconf 90' lang='lat' dir='ltr'>sepa·-</span> 
     </span>
     <span class='ocr_line' id='line_1_6' title="bbox 616 1033 2117 1143; baseline 0.001 -29"><span class='ocrx_word' id='word_1_47' title='bbox 616 1033 772 1128; x_wconf 84' lang='lat' dir='ltr'>raffem,</span> <span class='ocrx_word' id='word_1_48' title='bbox 799 1035 969 1134; x_wconf 72' lang='lat' dir='ltr'>rigidiori</span> <span class='ocrx_word' id='word_1_49' title='bbox 998 1035 1176 1115; x_wconf 87' lang='lat' dir='ltr'>methodo</span> <span class='ocrx_word' id='word_1_50' title='bbox 1204 1034 1430 1114; x_wconf 83' lang='lat' dir='ltr'>conformior</span> <span class='ocrx_word' id='word_1_51' title='bbox 1460 1039 1610 1132; x_wconf 88' lang='lat' dir='ltr'>fierem,</span> <span class='ocrx_word' id='word_1_52' title='bbox 1639 1039 1699 1114; x_wconf 90' lang='lat' dir='ltr'>sed</span> <span class='ocrx_word' id='word_1_53' title='bbox 1726 1060 1809 1114; x_wconf 90' lang='lat' dir='ltr'>tunc</span> <span class='ocrx_word' id='word_1_54' title='bbox 1842 1066 1862 1113; x_wconf 90' lang='lat' dir='ltr'>a</span> <span class='ocrx_word' id='word_1_55' title='bbox 1890 1039 2003 1143; x_wconf 89' lang='lat' dir='ltr'>scopo</span> <span class='ocrx_word' id='word_1_56' title='bbox 2033 1040 2117 1118; x_wconf 88' lang='lat' dir='ltr'>Na-</span> 
     </span>
     <span class='ocr_line' id='line_1_7' title="bbox 617 1135 2119 1243; baseline 0.003 -29"><span class='ocrx_word' id='word_1_57' title='bbox 617 1137 742 1214; x_wconf 86' lang='lat' dir='ltr'>turalis</span> <span class='ocrx_word' id='word_1_58' title='bbox 770 1137 938 1214; x_wconf 87' lang='lat' dir='ltr'>Scientiae</span> <span class='ocrx_word' id='word_1_59' title='bbox 959 1135 1195 1228; x_wconf 39' lang='lat' dir='ltr'>,deflecterem</span> <span class='ocrx_word' id='word_1_60' title='bbox 1226 1193 1238 1230; x_wconf 95' lang='lat'>,</span> <span class='ocrx_word' id='word_1_61' title='bbox 1282 1164 1363 1238; x_wconf 83' lang='lat' dir='ltr'>quae</span> <span class='ocrx_word' id='word_1_62' title='bbox 1394 1141 1509 1239; x_wconf 81' lang='lat' dir='ltr'>exigit</span> <span class='ocrx_word' id='word_1_63' title='bbox 1542 1161 1581 1214; x_wconf 90' lang='lat' dir='ltr'>ut</span> <span class='ocrx_word' id='word_1_64' title='bbox 1609 1141 1771 1240; x_wconf 81' lang='lat' dir='ltr'>proxima</span> <span class='ocrx_word' id='word_1_65' title='bbox 1801 1139 2001 1234; x_wconf 79' lang='lat' dir='ltr'>iocentur,</span> <span class='ocrx_word' id='word_1_66' title='bbox 2030 1169 2119 1243; x_wconf 80' lang='lat' dir='ltr'>quae</span> 
     </span>
     <span class='ocr_line' id='line_1_8' title="bbox 617 1235 2117 1342; baseline 0.002 -26"><span class='ocrx_word' id='word_1_67' title='bbox 617 1235 760 1316; x_wconf 77' lang='lat' dir='ltr'>Namrd</span> <span class='ocrx_word' id='word_1_68' title='bbox 777 1237 999 1340; x_wconf 84' lang='lat' dir='ltr'>proximiora</span> <span class='ocrx_word' id='word_1_69' title='bbox 1016 1237 1125 1331; x_wconf 79' lang='lat' dir='ltr'>sunt,</span> <span class='ocrx_word' id='word_1_70' title='bbox 1151 1237 1349 1337; x_wconf 70' lang='lat' dir='ltr'>posthabita</span> <span class='ocrx_word' id='word_1_71' title='bbox 1377 1237 1579 1315; x_wconf 70' lang='lat' dir='ltr'>differentia</span> <span class='ocrx_word' id='word_1_72' title='bbox 1598 1243 1768 1316; x_wconf 88' lang='lat' dir='ltr'>natalium</span> <span class='ocrx_word' id='word_1_73' title='bbox 1787 1259 1799 1336; x_wconf 88' lang='lat'>;</span> <span class='ocrx_word' id='word_1_74' title='bbox 1831 1245 1993 1342; x_wconf 83' lang='lat' dir='ltr'>proxima</span> <span class='ocrx_word' id='word_1_75' title='bbox 2011 1247 2117 1319; x_wconf 86' lang='lat' dir='ltr'>enim</span> 
     </span>
     <span class='ocr_line' id='line_1_9' title="bbox 618 1335 1673 1439; baseline 0 -23"><span class='ocrx_word' id='word_1_76' title='bbox 618 1335 761 1417; x_wconf 87' lang='lat' dir='ltr'>facilius</span> <span class='ocrx_word' id='word_1_77' title='bbox 789 1335 1024 1416; x_wconf 88' lang='lat' dir='ltr'>conferuntur</span> <span class='ocrx_word' id='word_1_78' title='bbox 1040 1396 1054 1432; x_wconf 90' lang='lat'>,</span> <span class='ocrx_word' id='word_1_79' title='bbox 1080 1341 1211 1418; x_wconf 88' lang='lat' dir='ltr'>collata</span> <span class='ocrx_word' id='word_1_80' title='bbox 1241 1339 1369 1418; x_wconf 88' lang='lat' dir='ltr'>melius</span> <span class='ocrx_word' id='word_1_81' title='bbox 1399 1340 1673 1439; x_wconf 89' lang='lat' dir='ltr'>dignoscuntur.</span> 
     </span>
    </p>

    <p class='ocr_par' dir='ltr' id='par_1_4' title="bbox 620 1438 2123 2047">
     <span class='ocr_line' id='line_1_10' title="bbox 760 1438 2118 1546; baseline 0.004 -30"><span class='ocrx_word' id='word_1_82' title='bbox 760 1438 820 1516; x_wconf 89' lang='lat' dir='ltr'>Ne</span> <span class='ocrx_word' id='word_1_83' title='bbox 851 1465 939 1516; x_wconf 88' lang='lat' dir='ltr'>vero</span> <span class='ocrx_word' id='word_1_84' title='bbox 965 1465 1086 1516; x_wconf 89' lang='lat' dir='ltr'>earum</span> <span class='ocrx_word' id='word_1_85' title='bbox 1114 1443 1260 1542; x_wconf 79' lang='lat' dir='ltr'>patria„</span> <span class='ocrx_word' id='word_1_86' title='bbox 1289 1461 1348 1516; x_wconf 92' lang='lat' dir='ltr'>aut</span> <span class='ocrx_word' id='word_1_87' title='bbox 1375 1439 1786 1540; x_wconf 85' lang='lat' dir='ltr'>origoconsundatur,</span> <span class='ocrx_word' id='word_1_88' title='bbox 1842 1445 1976 1545; x_wconf 88' lang='lat' dir='ltr'>ropriis</span> <span class='ocrx_word' id='word_1_89' title='bbox 2002 1443 2118 1546; x_wconf 84' lang='lat' dir='ltr'>lignis</span> 
     </span>
     <span class='ocr_line' id='line_1_11' title="bbox 623 1537 2122 1644; baseline 0.004 -28"><span class='ocrx_word' id='word_1_90' title='bbox 623 1540 898 1644; x_wconf 85' lang='lat' dir='ltr'>distinguentur.</span> <span class='ocrx_word' id='word_1_91' title='bbox 924 1537 1259 1632; x_wconf 75' lang='lat' dir='ltr'>Cocltinchinenses</span> <span class='ocrx_word' id='word_1_92' title='bbox 1287 1541 1395 1618; x_wconf 77' lang='lat' dir='ltr'>literd</span> <span class='ocrx_word' id='word_1_93' title='bbox 1422 1571 1475 1615; x_wconf 75' lang='lat' dir='ltr'>u:</span> <span class='ocrx_word' id='word_1_94' title='bbox 1503 1540 1667 1618; x_wconf 83' lang='lat' dir='ltr'>Sirenses</span> <span class='ocrx_word' id='word_1_95' title='bbox 1686 1560 1734 1624; x_wconf 71' lang='lat' dir='ltr'>a:</span> <span class='ocrx_word' id='word_1_96' title='bbox 1821 1545 1952 1621; x_wconf 84' lang='lat' dir='ltr'>ricanae</span> <span class='ocrx_word' id='word_1_97' title='bbox 1982 1557 2043 1626; x_wconf 64' lang='grc' dir='ltr'>’γε</span> <span class='ocrx_word' id='word_1_98' title='bbox 2072 1569 2122 1622; x_wconf 82' lang='lat' dir='ltr'>ex</span> 
     </span>
     <span class='ocr_line' id='line_1_12' title="bbox 622 1641 2117 1747; baseline 0.001 -29"><span class='ocrx_word' id='word_1_99' title='bbox 622 1643 702 1718; x_wconf 86' lang='lat' dir='ltr'>aliis</span> <span class='ocrx_word' id='word_1_100' title='bbox 730 1641 844 1719; x_wconf 84' lang='lat' dir='ltr'>Indiae</span> <span class='ocrx_word' id='word_1_101' title='bbox 870 1642 962 1716; x_wconf 89' lang='lat' dir='ltr'>locis</span> <span class='ocrx_word' id='word_1_102' title='bbox 990 1641 1030 1727; x_wconf 67' lang='lat' dir='ltr'>l.</span> <span class='ocrx_word' id='word_1_103' title='bbox 1058 1643 1114 1718; x_wconf 85' lang='lat' dir='ltr'>Ita</span> <span class='ocrx_word' id='word_1_104' title='bbox 1143 1663 1211 1734; x_wconf 91' lang='lat' dir='ltr'>ut,</span> <span class='ocrx_word' id='word_1_105' title='bbox 1239 1645 1405 1744; x_wconf 86' lang='lat' dir='ltr'>quamvis</span> <span class='ocrx_word' id='word_1_106' title='bbox 1437 1643 1618 1734; x_wconf 86' lang='lat' dir='ltr'>advenae,</span> <span class='ocrx_word' id='word_1_107' title='bbox 1645 1641 1683 1718; x_wconf 79' lang='lat' dir='ltr'>dt</span> <span class='ocrx_word' id='word_1_108' title='bbox 1711 1644 1832 1720; x_wconf 82' lang='lat' dir='ltr'>Florae</span> <span class='ocrx_word' id='word_1_109' title='bbox 1863 1643 2024 1747; x_wconf 85' lang='lat' dir='ltr'>hospitio</span> <span class='ocrx_word' id='word_1_110' title='bbox 2050 1670 2117 1720; x_wconf 84' lang='lat' dir='ltr'>ex-</span> 
     </span>
     <span class='ocr_line' id='line_1_13' title="bbox 621 1739 2122 1846; baseline 0.003 -28"><span class='ocrx_word' id='word_1_111' title='bbox 621 1765 764 1844; x_wconf 87' lang='lat' dir='ltr'>ceptae,</span> <span class='ocrx_word' id='word_1_112' title='bbox 793 1743 838 1818; x_wconf 94' lang='lat' dir='ltr'>ab</span> <span class='ocrx_word' id='word_1_113' title='bbox 868 1739 972 1842; x_wconf 86' lang='lat' dir='ltr'>hujus</span> <span class='ocrx_word' id='word_1_114' title='bbox 1000 1741 1204 1818; x_wconf 87' lang='lat' dir='ltr'>domesticis</span> <span class='ocrx_word' id='word_1_115' title='bbox 1233 1746 1398 1846; x_wconf 87' lang='lat' dir='ltr'>protinus</span> <span class='ocrx_word' id='word_1_116' title='bbox 1428 1743 1685 1820; x_wconf 81' lang='lat' dir='ltr'>discernantur.</span> <span class='ocrx_word' id='word_1_117' title='bbox 1713 1744 1870 1836; x_wconf 89' lang='lat' dir='ltr'>Voces,</span> <span class='ocrx_word' id='word_1_118' title='bbox 1896 1771 1977 1846; x_wconf 84' lang='lat' dir='ltr'>quae</span> <span class='ocrx_word' id='word_1_119' title='bbox 1994 1744 2122 1822; x_wconf 76' lang='lat' dir='ltr'>distas</span> 
     </span>
     <span class='ocr_line' id='line_1_14' title="bbox 620 1843 2123 1948; baseline 0.001 -28"><span class='ocrx_word' id='word_1_120' title='bbox 620 1867 726 1928; x_wconf 85' lang='lat' dir='ltr'>notas</span> <span class='ocrx_word' id='word_1_121' title='bbox 755 1843 977 1946; x_wconf 86' lang='lat' dir='ltr'>sequuntur,</span> <span class='ocrx_word' id='word_1_122' title='bbox 1005 1843 1085 1920; x_wconf 91' lang='lat' dir='ltr'>suut</span> <span class='ocrx_word' id='word_1_123' title='bbox 1116 1848 1263 1922; x_wconf 85' lang='lat' dir='ltr'>nomina</span> <span class='ocrx_word' id='word_1_124' title='bbox 1293 1847 1442 1946; x_wconf 90' lang='lat' dir='ltr'>propria</span> <span class='ocrx_word' id='word_1_125' title='bbox 1471 1843 1633 1945; x_wconf 85' lang='lat' dir='ltr'>ejusdem</span> <span class='ocrx_word' id='word_1_126' title='bbox 1661 1846 1792 1947; x_wconf 86' lang='lat' dir='ltr'>plantae</span> <span class='ocrx_word' id='word_1_127' title='bbox 1812 1901 1825 1936; x_wconf 90' lang='lat'>,</span> <span class='ocrx_word' id='word_1_128' title='bbox 1842 1844 2008 1948; x_wconf 54' lang='lat' dir='ltr'>‚expressa</span> <span class='ocrx_word' id='word_1_129' title='bbox 2042 1849 2123 1924; x_wconf 91' lang='lat' dir='ltr'>lin·</span> 
     </span>
     <span class='ocr_line' id='line_1_15' title="bbox 621 1943 2023 2047; baseline -0.001 -26"><span class='ocrx_word' id='word_1_130' title='bbox 621 1945 694 2046; x_wconf 72' lang='lat' dir='ltr'>gud</span> <span class='ocrx_word' id='word_1_131' title='bbox 727 1945 824 2020; x_wconf 89' lang='lat' dir='ltr'>illius</span> <span class='ocrx_word' id='word_1_132' title='bbox 854 1945 1041 2039; x_wconf 88' lang='lat' dir='ltr'>nationis,</span> <span class='ocrx_word' id='word_1_133' title='bbox 1069 1971 1152 2047; x_wconf 77' lang='lat' dir='ltr'>quas</span> <span class='ocrx_word' id='word_1_134' title='bbox 1180 1946 1242 2022; x_wconf 88' lang='lat' dir='ltr'>tali</span> <span class='ocrx_word' id='word_1_135' title='bbox 1274 1945 1360 2030; x_wconf 69' lang='lat' dir='ltr'>nord</span> <span class='ocrx_word' id='word_1_136' title='bbox 1389 1943 1589 2046; x_wconf 86' lang='lat' dir='ltr'>insignitur.</span> <span class='ocrx_word' id='word_1_137' title='bbox 2021 1989 2023 1993; x_wconf 94' lang='lat'><em>-</em></span> 
     </span>
    </p>

    <p class='ocr_par' dir='ltr' id='par_1_5' title="bbox 753 2044 2120 2150">
     <span class='ocr_line' id='line_1_16' title="bbox 753 2044 2120 2150; baseline 0.004 -30"><span class='ocrx_word' id='word_1_138' title='bbox 753 2047 932 2144; x_wconf 77' lang='lat' dir='ltr'>Quamvis</span> <span class='ocrx_word' id='word_1_139' title='bbox 955 2045 1199 2138; x_wconf 87' lang='lat' dir='ltr'>methodum,</span> <span class='ocrx_word' id='word_1_140' title='bbox 1225 2045 1264 2120; x_wconf 91' lang='lat'>&amp;</span> <span class='ocrx_word' id='word_1_141' title='bbox 1294 2044 1442 2146; x_wconf 82' lang='lat' dir='ltr'>systema</span> <span class='ocrx_word' id='word_1_142' title='bbox 1459 2046 1581 2124; x_wconf 86' lang='lat' dir='ltr'>Celeb.</span> <span class='ocrx_word' id='word_1_143' title='bbox 1612 2047 1754 2124; x_wconf 79' lang='lat' dir='ltr'>Linuaei</span> <span class='ocrx_word' id='word_1_144' title='bbox 1771 2044 2002 2150; x_wconf 73' lang='lat' dir='ltr'>amplestar,</span> <span class='ocrx_word' id='word_1_145' title='bbox 2028 2048 2120 2148; x_wconf 80' lang='lat' dir='ltr'>quia</span> 
     </span>
    </p>

    <p class='ocr_par' dir='ltr' id='par_1_6' title="bbox 622 2145 2127 3357">
     <span class='ocr_line' id='line_1_17' title="bbox 622 2145 2121 2252; baseline 0.001 -28"><span class='ocrx_word' id='word_1_146' title='bbox 622 2146 814 2224; x_wconf 89' lang='lat' dir='ltr'>meliorem</span> <span class='ocrx_word' id='word_1_147' title='bbox 843 2172 916 2223; x_wconf 89' lang='lat' dir='ltr'>non</span> <span class='ocrx_word' id='word_1_148' title='bbox 948 2147 1068 2242; x_wconf 90' lang='lat' dir='ltr'>novi,</span> <span class='ocrx_word' id='word_1_149' title='bbox 1091 2173 1165 2223; x_wconf 92' lang='lat' dir='ltr'>non</span> <span class='ocrx_word' id='word_1_150' title='bbox 1193 2147 1244 2222; x_wconf 90' lang='lat' dir='ltr'>ita</span> <span class='ocrx_word' id='word_1_151' title='bbox 1274 2171 1332 2222; x_wconf 92' lang='lat' dir='ltr'>me</span> <span class='ocrx_word' id='word_1_152' title='bbox 1360 2145 1584 2241; x_wconf 82' lang='lat' dir='ltr'>coart‘labo,</span> <span class='ocrx_word' id='word_1_153' title='bbox 1611 2169 1649 2223; x_wconf 92' lang='lat' dir='ltr'>ut</span> <span class='ocrx_word' id='word_1_154' title='bbox 1684 2173 1725 2224; x_wconf 91' lang='lat' dir='ltr'>ea</span> <span class='ocrx_word' id='word_1_155' title='bbox 1755 2204 1766 2240; x_wconf 98' lang='lat'>,</span> <span class='ocrx_word' id='word_1_156' title='bbox 1803 2175 1885 2252; x_wconf 81' lang='lat' dir='ltr'>quae</span> <span class='ocrx_word' id='word_1_157' title='bbox 1912 2149 2017 2225; x_wconf 85' lang='lat' dir='ltr'>aliter</span> <span class='ocrx_word' id='word_1_158' title='bbox 2050 2149 2121 2225; x_wconf 84' lang='lat' dir='ltr'>ob-</span> 
     </span>
     <span class='ocr_line' id='line_1_18' title="bbox 623 2245 2120 2352; baseline 0.003 -32"><span class='ocrx_word' id='word_1_159' title='bbox 623 2245 764 2325; x_wconf 88' lang='lat' dir='ltr'>servavi</span> <span class='ocrx_word' id='word_1_160' title='bbox 793 2305 807 2342; x_wconf 93' lang='lat'>,</span> <span class='ocrx_word' id='word_1_161' title='bbox 841 2268 1052 2352; x_wconf 81' lang='lat' dir='ltr'>praeteream</span> <span class='ocrx_word' id='word_1_162' title='bbox 1082 2305 1095 2342; x_wconf 95' lang='lat'>,</span> <span class='ocrx_word' id='word_1_163' title='bbox 1130 2274 1171 2324; x_wconf 90' lang='lat' dir='ltr'>ac</span> <span class='ocrx_word' id='word_1_164' title='bbox 1198 2247 1426 2324; x_wconf 74' lang='lat' dir='ltr'>dissimulem.</span> <span class='ocrx_word' id='word_1_165' title='bbox 1464 2252 1586 2348; x_wconf 77' lang='lat' dir='ltr'>Quam</span> <span class='ocrx_word' id='word_1_166' title='bbox 1614 2247 1822 2324; x_wconf 87' lang='lat' dir='ltr'>libertatem</span> <span class='ocrx_word' id='word_1_167' title='bbox 1854 2267 1959 2324; x_wconf 87' lang='lat' dir='ltr'>notus</span> <span class='ocrx_word' id='word_1_168' title='bbox 1988 2249 2120 2326; x_wconf 80' lang='lat' dir='ltr'>Celeb.</span> 
     </span>
     <span class='ocr_line' id='line_1_19' title="bbox 623 2345 2123 2450; baseline 0.001 -27"><span class='ocrx_word' id='word_1_169' title='bbox 623 2345 709 2423; x_wconf 89' lang='lat' dir='ltr'>Viri</span> <span class='ocrx_word' id='word_1_170' title='bbox 733 2347 899 2443; x_wconf 80' lang='lat' dir='ltr'>candor,</span> <span class='ocrx_word' id='word_1_171' title='bbox 941 2347 966 2424; x_wconf 78' lang='lat' dir='ltr'>fi</span> <span class='ocrx_word' id='word_1_172' title='bbox 995 2347 1113 2426; x_wconf 87' lang='lat' dir='ltr'>adbuc</span> <span class='ocrx_word' id='word_1_173' title='bbox 1143 2350 1315 2441; x_wconf 88' lang='lat' dir='ltr'>viveret,</span> <span class='ocrx_word' id='word_1_174' title='bbox 1340 2375 1414 2426; x_wconf 90' lang='lat' dir='ltr'>non</span> <span class='ocrx_word' id='word_1_175' title='bbox 1444 2349 1662 2450; x_wconf 89' lang='lat' dir='ltr'>improbaret</span> <span class='ocrx_word' id='word_1_176' title='bbox 1684 2379 1697 2442; x_wconf 91' lang='lat'>·,</span> <span class='ocrx_word' id='word_1_177' title='bbox 1731 2347 1816 2424; x_wconf 91' lang='lat' dir='ltr'>licet</span> <span class='ocrx_word' id='word_1_178' title='bbox 1843 2350 1953 2424; x_wconf 89' lang='lat' dir='ltr'>enim·</span> <span class='ocrx_word' id='word_1_179' title='bbox 1972 2349 2123 2444; x_wconf 86' lang='lat' dir='ltr'>multa,</span> 
     </span>
     <span class='ocr_line' id='line_1_20' title="bbox 625 2447 2127 2552; baseline 0.003 -28"><span class='ocrx_word' id='word_1_180' title='bbox 625 2471 709 2548; x_wconf 87' lang='lat' dir='ltr'>quae</span> <span class='ocrx_word' id='word_1_181' title='bbox 741 2449 809 2526; x_wconf 89' lang='lat' dir='ltr'>scri</span> <span class='ocrx_word' id='word_1_182' title='bbox 838 2447 912 2542; x_wconf 82' lang='lat' dir='ltr'>stt,</span> <span class='ocrx_word' id='word_1_183' title='bbox 939 2447 1015 2550; x_wconf 91' lang='lat' dir='ltr'>ipse</span> <span class='ocrx_word' id='word_1_184' title='bbox 1039 2450 1198 2552; x_wconf 88' lang='lat' dir='ltr'>propriis</span> <span class='ocrx_word' id='word_1_185' title='bbox 1212 2450 1334 2526; x_wconf 85' lang='lat' dir='ltr'>¹oculis</span> <span class='ocrx_word' id='word_1_186' title='bbox 1365 2447 1639 2541; x_wconf 76' lang='lat' dir='ltr'>observaverit,</span> <span class='ocrx_word' id='word_1_187' title='bbox 1665 2452 1766 2551; x_wconf 86' lang='lat' dir='ltr'>plura</span> <span class='ocrx_word' id='word_1_188' title='bbox 1800 2473 1920 2526; x_wconf 82' lang='lat' dir='ltr'>tamen</span> <span class='ocrx_word' id='word_1_189' title='bbox 1950 2475 1992 2526; x_wconf 80' lang='lat' dir='ltr'>ex</span> <span class='ocrx_word' id='word_1_190' title='bbox 2024 2451 2127 2530; x_wconf 85' lang='lat' dir='ltr'>locis</span> 
     </span>
     <span class='ocr_line' id='line_1_21' title="bbox 624 2477 1778 2653; baseline 0.001 -27"><span class='ocrx_word' id='word_1_191' title='bbox 624 2477 880 2644; x_wconf 77' lang='lat' dir='ltr'>remotioribus</span> <span class='ocrx_word' id='word_1_192' title='bbox 909 2550 1064 2649; x_wconf 80' lang='lat' dir='ltr'>abaliis</span> <span class='ocrx_word' id='word_1_193' title='bbox 1089 2549 1344 2653; x_wconf 82' lang='lat' dir='ltr'>Botanophilis</span> <span class='ocrx_word' id='word_1_194' title='bbox 1374 2551 1526 2652; x_wconf 89' lang='lat' dir='ltr'>accepit.</span> <span class='ocrx_word' id='word_1_195' title='bbox 1775 2631 1778 2636; x_wconf 82' lang='lat'><em>.</em></span> 
     </span>
     <span class='ocr_line' id='line_1_22' title="bbox 626 2649 2124 2752; baseline 0.001 -24"><span class='ocrx_word' id='word_1_196' title='bbox 626 2719 633 2728; x_wconf 87' lang='lat'><em>.</em></span> <span class='ocrx_word' id='word_1_197' title='bbox 769 2649 812 2724; x_wconf 91' lang='lat' dir='ltr'>In</span> <span class='ocrx_word' id='word_1_198' title='bbox 845 2650 967 2727; x_wconf 77' lang='lat' dir='ltr'>indice</span> <span class='ocrx_word' id='word_1_199' title='bbox 993 2649 1252 2728; x_wconf 73' lang='lat' dir='ltr'>charasiemm</span> <span class='ocrx_word' id='word_1_200' title='bbox 1272 2651 1535 2728; x_wconf 87' lang='lat' dir='ltr'>Genericorum</span> <span class='ocrx_word' id='word_1_201' title='bbox 1563 2651 1715 2728; x_wconf 84' lang='lat' dir='ltr'>cuilibet</span> <span class='ocrx_word' id='word_1_202' title='bbox 1742 2651 1852 2728; x_wconf 78' lang='lat' dir='ltr'>elatu</span> <span class='ocrx_word' id='word_1_203' title='bbox 1872 2653 2021 2752; x_wconf 81' lang='lat' dir='ltr'>praetixo</span> <span class='ocrx_word' id='word_1_204' title='bbox 2037 2679 2124 2730; x_wconf 85' lang='lat' dir='ltr'>mu·</span> 
     </span>
     <span class='ocr_line' id='line_1_23' title="bbox 624 2749 2125 2856; baseline 0.005 -32"><span class='ocrx_word' id='word_1_205' title='bbox 624 2750 702 2826; x_wconf 84' lang='lat' dir='ltr'>tavi</span> <span class='ocrx_word' id='word_1_206' title='bbox 729 2749 910 2826; x_wconf 87' lang='lat' dir='ltr'>interdum</span> <span class='ocrx_word' id='word_1_207' title='bbox 940 2773 1062 2828; x_wconf 87' lang='lat' dir='ltr'>notam</span> <span class='ocrx_word' id='word_1_208' title='bbox 1091 2753 1281 2856; x_wconf 80' lang='lat' dir='ltr'>aliquam,</span> <span class='ocrx_word' id='word_1_209' title='bbox 1306 2777 1387 2852; x_wconf 85' lang='lat' dir='ltr'>quae</span> <span class='ocrx_word' id='word_1_210' title='bbox 1416 2755 1454 2826; x_wconf 83' lang='lat' dir='ltr'>in</span> <span class='ocrx_word' id='word_1_211' title='bbox 1482 2754 1590 2830; x_wconf 87' lang='lat' dir='ltr'>variis</span> <span class='ocrx_word' id='word_1_212' title='bbox 1621 2752 1808 2854; x_wconf 86' lang='lat' dir='ltr'>speciebus</span> <span class='ocrx_word' id='word_1_213' title='bbox 1839 2750 2039 2828; x_wconf 76' lang='lat' dir='ltr'>chatasleri</span> <span class='ocrx_word' id='word_1_214' title='bbox 2073 2755 2125 2834; x_wconf 85' lang='lat' dir='ltr'>il-</span> 
     </span>
     <span class='ocr_line' id='line_1_24' title="bbox 626 2847 2124 2956; baseline 0.001 -28"><span class='ocrx_word' id='word_1_215' title='bbox 626 2847 697 2928; x_wconf 80' lang='lat' dir='ltr'>lius</span> <span class='ocrx_word' id='word_1_216' title='bbox 725 2847 878 2949; x_wconf 77' lang='lat' dir='ltr'>Generis</span> <span class='ocrx_word' id='word_1_217' title='bbox 904 2851 1147 2948; x_wconf 86' lang='lat' dir='ltr'>adversatur:</span> <span class='ocrx_word' id='word_1_218' title='bbox 1187 2850 1226 2926; x_wconf 73' lang='grc' dir='ltr'>δι</span> <span class='ocrx_word' id='word_1_219' title='bbox 1256 2851 1371 2928; x_wconf 87' lang='lat' dir='ltr'>adbuc</span> <span class='ocrx_word' id='word_1_220' title='bbox 1410 2854 1497 2930; x_wconf 88' lang='lat' dir='ltr'>alias</span> <span class='ocrx_word' id='word_1_221' title='bbox 1525 2855 1767 2932; x_wconf 88' lang='lat' dir='ltr'>excludendas</span> <span class='ocrx_word' id='word_1_222' title='bbox 1802 2873 1891 2954; x_wconf 90' lang='lat' dir='ltr'>puto</span> <span class='ocrx_word' id='word_1_223' title='bbox 1922 2909 1933 2947; x_wconf 92' lang='lat'>,</span> <span class='ocrx_word' id='word_1_224' title='bbox 1970 2855 2124 2956; x_wconf 86' lang='lat' dir='ltr'>quando</span> 
     </span>
     <span class='ocr_line' id='line_1_25' title="bbox 627 2949 2121 3056; baseline 0.007 -33"><span class='ocrx_word' id='word_1_225' title='bbox 627 2949 813 3054; x_wconf 76' lang='lat' dir='ltr'>progressu</span> <span class='ocrx_word' id='word_1_226' title='bbox 841 2955 1046 3052; x_wconf 76' lang='lat' dir='ltr'>temporie,</span> <span class='ocrx_word' id='word_1_227' title='bbox 1073 2979 1153 3054; x_wconf 84' lang='lat' dir='ltr'>quae</span> <span class='ocrx_word' id='word_1_228' title='bbox 1179 2977 1275 3029; x_wconf 92' lang='lat' dir='ltr'>nunc</span> <span class='ocrx_word' id='word_1_229' title='bbox 1309 2953 1419 3030; x_wconf 91' lang='lat' dir='ltr'>dubia</span> <span class='ocrx_word' id='word_1_230' title='bbox 1451 2979 1657 3056; x_wconf 79' lang='lat' dir='ltr'>apparent,</span> <span class='ocrx_word' id='word_1_231' title='bbox 1683 2957 1954 3031; x_wconf 80' lang='lat' dir='ltr'>confirmentur.</span> <span class='ocrx_word' id='word_1_232' title='bbox 1992 2957 2045 3034; x_wconf 77' lang='lat' dir='ltr'>nt</span> <span class='ocrx_word' id='word_1_233' title='bbox 2076 2959 2121 3034; x_wconf 84' lang='lat' dir='ltr'>in</span> 
     </span>
     <span class='ocr_line' id='line_1_26' title="bbox 627 3049 2125 3156; baseline 0.003 -28"><span class='ocrx_word' id='word_1_234' title='bbox 627 3075 784 3152; x_wconf 89' lang='lat' dir='ltr'>corpore</span> <span class='ocrx_word' id='word_1_235' title='bbox 811 3049 947 3153; x_wconf 86' lang='lat' dir='ltr'>Operis</span> <span class='ocrx_word' id='word_1_236' title='bbox 979 3078 1106 3129; x_wconf 87' lang='lat' dir='ltr'>omnes</span> <span class='ocrx_word' id='word_1_237' title='bbox 1137 3049 1362 3132; x_wconf 73' lang='lat' dir='ltr'>charadleres</span> <span class='ocrx_word' id='word_1_238' title='bbox 1388 3057 1581 3131; x_wconf 86' lang='lat' dir='ltr'>Botanicos</span> <span class='ocrx_word' id='word_1_239' title='bbox 1612 3055 1659 3132; x_wconf 89' lang='lat' dir='ltr'>ab</span> <span class='ocrx_word' id='word_1_240' title='bbox 1684 3055 1774 3156; x_wconf 79' lang='lat' dir='ltr'>ipso¹</span> <span class='ocrx_word' id='word_1_241' title='bbox 1795 3054 1950 3132; x_wconf 87' lang='lat' dir='ltr'>Linnaeo</span> <span class='ocrx_word' id='word_1_242' title='bbox 1966 3056 2125 3156; x_wconf 87' lang='lat' dir='ltr'>adopta·</span> 
     </span>
     <span class='ocr_line' id='line_1_27' title="bbox 626 3151 2127 3258; baseline 0.005 -32"><span class='ocrx_word' id='word_1_243' title='bbox 626 3169 720 3246; x_wconf 85' lang='lat' dir='ltr'>tos,</span> <span class='ocrx_word' id='word_1_244' title='bbox 745 3173 818 3230; x_wconf 87' lang='lat' dir='ltr'>tam</span> <span class='ocrx_word' id='word_1_245' title='bbox 848 3151 1048 3232; x_wconf 89' lang='lat' dir='ltr'>Genericos</span> <span class='ocrx_word' id='word_1_246' title='bbox 1063 3211 1089 3248; x_wconf 94' lang='lat'>,.</span> <span class='ocrx_word' id='word_1_247' title='bbox 1112 3179 1221 3258; x_wconf 84' lang='lat' dir='ltr'>quam</span> <span class='ocrx_word' id='word_1_248' title='bbox 1249 3155 1451 3257; x_wconf 87' lang='lat' dir='ltr'>Specificos</span> <span class='ocrx_word' id='word_1_249' title='bbox 1476 3153 1634 3232; x_wconf 76' lang='lat' dir='ltr'>intastos</span> <span class='ocrx_word' id='word_1_250' title='bbox 1664 3159 1816 3233; x_wconf 90' lang='lat' dir='ltr'>omnino</span> <span class='ocrx_word' id='word_1_251' title='bbox 1847 3153 2016 3234; x_wconf 83' lang='lat' dir='ltr'>servavi:</span> <span class='ocrx_word' id='word_1_252' title='bbox 2043 3155 2127 3234; x_wconf 78' lang='lat' dir='ltr'>svb-</span> 
     </span>
     <span class='ocr_line' id='line_1_28' title="bbox 622 3251 2060 3357; baseline 0.003 -31"><span class='ocrx_word' id='word_1_253' title='bbox 622 3251 758 3357; x_wconf 84' lang='lat' dir='ltr'>jiciens</span> <span class='ocrx_word' id='word_1_254' title='bbox 789 3274 942 3350; x_wconf 88' lang='lat' dir='ltr'>tamen,</span> <span class='ocrx_word' id='word_1_255' title='bbox 994 3282 1051 3333; x_wconf 86' lang='lat' dir='ltr'>uae</span> <span class='ocrx_word' id='word_1_256' title='bbox 1077 3255 1182 3334; x_wconf 88' lang='lat' dir='ltr'>aliter</span> <span class='ocrx_word' id='word_1_257' title='bbox 1205 3280 1263 3330; x_wconf 87' lang='lat' dir='ltr'>me</span> <span class='ocrx_word' id='word_1_258' title='bbox 1293 3255 1421 3334; x_wconf 86' lang='lat' dir='ltr'>vidille</span> <span class='ocrx_word' id='word_1_259' title='bbox 1446 3255 1630 3332; x_wconf 88' lang='lat' dir='ltr'>recordor.</span> <span class='ocrx_word' id='word_1_260' title='bbox 2056 3338 2060 3346; x_wconf 56' lang='grc'>,</span> 
     </span>
    </p>

    <p class='ocr_par' dir='ltr' id='par_1_7' title="bbox 627 3355 2151 4570">
     <span class='ocr_line' id='line_1_29' title="bbox 771 3355 2151 3458; baseline 0.002 -25"><span class='ocrx_word' id='word_1_261' title='bbox 771 3357 985 3434; x_wconf 84' lang='lat' dir='ltr'>Recentiori</span> <span class='ocrx_word' id='word_1_262' title='bbox 1010 3383 1050 3433; x_wconf 92' lang='lat' dir='ltr'>us</span> <span class='ocrx_word' id='word_1_263' title='bbox 1081 3355 1291 3458; x_wconf 88' lang='lat' dir='ltr'>quibusdam</span> <span class='ocrx_word' id='word_1_264' title='bbox 1323 3355 1438 3434; x_wconf 84' lang='lat' dir='ltr'>visum</span> <span class='ocrx_word' id='word_1_265' title='bbox 1472 3355 1550 3448; x_wconf 86' lang='lat' dir='ltr'>est,</span> <span class='ocrx_word' id='word_1_266' title='bbox 1576 3356 1787 3432; x_wconf 85' lang='lat' dir='ltr'>Clarissimis</span> <span class='ocrx_word' id='word_1_267' title='bbox 1812 3355 1995 3450; x_wconf 72' lang='lat' dir='ltr'>Habeto,</span> <span class='ocrx_word' id='word_1_268' title='bbox 2021 3357 2151 3436; x_wconf 57' lang='lat' dir='ltr'>Lod-¹</span> 
     </span>
     <span class='ocr_line' id='line_1_30' title="bbox 628 3455 2125 3559; baseline 0 -21"><span class='ocrx_word' id='word_1_269' title='bbox 628 3457 743 3559; x_wconf 78' lang='lat' dir='ltr'>wigia</span> <span class='ocrx_word' id='word_1_270' title='bbox 760 3456 996 3554; x_wconf 88' lang='lat' dir='ltr'>,·Forster0,</span> <span class='ocrx_word' id='word_1_271' title='bbox 1020 3455 1261 3558; x_wconf 88' lang='lat' dir='ltr'>Thunbergio</span> <span class='ocrx_word' id='word_1_272' title='bbox 1291 3455 1528 3559; x_wconf 65' lang='lat' dir='ltr'>praeeuntibus</span> <span class='ocrx_word' id='word_1_273' title='bbox 1545 3514 1559 3553; x_wconf 91' lang='lat'>,</span> <span class='ocrx_word' id='word_1_274' title='bbox 1585 3456 1791 3559; x_wconf 86' lang='lat' dir='ltr'>Systematis</span> <span class='ocrx_word' id='word_1_275' title='bbox 1810 3457 2000 3536; x_wconf 83' lang='lat' dir='ltr'>Linnaeani</span> <span class='ocrx_word' id='word_1_276' title='bbox 2018 3458 2125 3538; x_wconf 85' lang='lat' dir='ltr'>Clas·</span> 
     </span>
     <span class='ocr_line' id='line_1_31' title="bbox 627 3555 2125 3663; baseline 0.003 -29"><span class='ocrx_word' id='word_1_277' title='bbox 627 3555 682 3636; x_wconf 84' lang='lat' dir='ltr'>ses</span> <span class='ocrx_word' id='word_1_278' title='bbox 710 3558 994 3663; x_wconf 78' lang='lat' dir='ltr'>Gynandriam,</span> <span class='ocrx_word' id='word_1_279' title='bbox 1017 3557 1289 3650; x_wconf 87' lang='lat' dir='ltr'>Monoeeiam,</span> <span class='ocrx_word' id='word_1_280' title='bbox 1317 3559 1540 3654; x_wconf 88' lang='lat' dir='ltr'>Dioeeiam,</span> <span class='ocrx_word' id='word_1_281' title='bbox 1565 3557 1815 3660; x_wconf 84' lang='lat' dir='ltr'>Polygamiam</span> <span class='ocrx_word' id='word_1_282' title='bbox 1847 3561 1906 3635; x_wconf 91' lang='lat' dir='ltr'>vel</span> <span class='ocrx_word' id='word_1_283' title='bbox 1937 3585 2047 3636; x_wconf 79' lang='lat' dir='ltr'>noxas</span> <span class='ocrx_word' id='word_1_284' title='bbox 2067 3559 2125 3638; x_wconf 87' lang='lat' dir='ltr'>es-</span> 
     </span>
     <span class='ocr_line' id='line_1_32' title="bbox 628 3657 2124 3762; baseline 0.003 -24"><span class='ocrx_word' id='word_1_285' title='bbox 628 3661 699 3754; x_wconf 86' lang='lat' dir='ltr'>se,</span> <span class='ocrx_word' id='word_1_286' title='bbox 720 3661 780 3739; x_wconf 82' lang='lat' dir='ltr'>vel</span> <span class='ocrx_word' id='word_1_287' title='bbox 811 3658 1016 3762; x_wconf 88' lang='lat' dir='ltr'>superfluas.</span> <span class='ocrx_word' id='word_1_288' title='bbox 1044 3659 1130 3758; x_wconf 88' lang='lat' dir='ltr'>Ego</span> <span class='ocrx_word' id='word_1_289' title='bbox 1155 3661 1251 3762; x_wconf 70' lang='lat' dir='ltr'>circa</span> <span class='ocrx_word' id='word_1_290' title='bbox 1265 3657 1515 3760; x_wconf 84' lang='lat' dir='ltr'>Polygatniam</span> <span class='ocrx_word' id='word_1_291' title='bbox 1543 3685 1615 3736; x_wconf 86' lang='lat' dir='ltr'>uon</span> <span class='ocrx_word' id='word_1_292' title='bbox 1636 3658 1781 3760; x_wconf 79' lang='lat' dir='ltr'>prorsus</span> <span class='ocrx_word' id='word_1_293' title='bbox 1797 3658 1994 3753; x_wconf 85' lang='lat' dir='ltr'>dilleuti0,</span> <span class='ocrx_word' id='word_1_294' title='bbox 2022 3659 2124 3762; x_wconf 56' lang='lat' dir='ltr'>ipsae</span> 
     </span>
     <span class='ocr_line' id='line_1_33' title="bbox 630 3757 2124 3862; baseline -0.001 -23"><span class='ocrx_word' id='word_1_295' title='bbox 630 3781 705 3839; x_wconf 87' lang='lat' dir='ltr'>met</span> <span class='ocrx_word' id='word_1_296' title='bbox 733 3763 889 3846; x_wconf 80' lang='lat' dir='ltr'>Linnaeo</span> <span class='ocrx_word' id='word_1_297' title='bbox 914 3760 1013 3838; x_wconf 89' lang='lat' dir='ltr'>Filio</span> <span class='ocrx_word' id='word_1_298' title='bbox 1041 3757 1317 3862; x_wconf 88' lang='lat' dir='ltr'>comprobante.</span> <span class='ocrx_word' id='word_1_299' title='bbox 1344 3759 1410 3834; x_wconf 91' lang='lat' dir='ltr'>Ast</span> <span class='ocrx_word' id='word_1_300' title='bbox 1440 3763 1536 3836; x_wconf 80' lang='lat' dir='ltr'>circa</span> <span class='ocrx_word' id='word_1_301' title='bbox 1566 3760 1653 3835; x_wconf 85' lang='lat' dir='ltr'>alias</span> <span class='ocrx_word' id='word_1_302' title='bbox 1686 3781 1756 3834; x_wconf 89' lang='lat' dir='ltr'>tres</span> <span class='ocrx_word' id='word_1_303' title='bbox 1781 3759 1915 3836; x_wconf 79' lang='lat' dir='ltr'>Classes</span> <span class='ocrx_word' id='word_1_304' title='bbox 1945 3760 2050 3838; x_wconf 88' lang='lat' dir='ltr'>aliter</span> <span class='ocrx_word' id='word_1_305' title='bbox 2058 3760 2124 3862; x_wconf 85' lang='lat' dir='ltr'>ju-</span> 
     </span>
     <span class='ocr_line' id='line_1_34' title="bbox 633 3857 2127 3964; baseline 0.001 -26"><span class='ocrx_word' id='word_1_306' title='bbox 633 3863 734 3939; x_wconf 85' lang='lat' dir='ltr'>dico.</span> <span class='ocrx_word' id='word_1_307' title='bbox 769 3863 815 3940; x_wconf 91' lang='lat' dir='ltr'>ln</span> <span class='ocrx_word' id='word_1_308' title='bbox 845 3863 1057 3964; x_wconf 81' lang='lat' dir='ltr'>Gynandtia</span> <span class='ocrx_word' id='word_1_309' title='bbox 1092 3861 1137 3936; x_wconf 91' lang='lat' dir='ltr'>de</span> <span class='ocrx_word' id='word_1_310' title='bbox 1162 3858 1361 3936; x_wconf 88' lang='lat' dir='ltr'>Generibus</span> <span class='ocrx_word' id='word_1_311' title='bbox 1386 3859 1602 3960; x_wconf 83' lang='lat' dir='ltr'>Polyandris</span> <span class='ocrx_word' id='word_1_312' title='bbox 1628 3857 1768 3952; x_wconf 81' lang='lat' dir='ltr'>Cella,</span> <span class='ocrx_word' id='word_1_313' title='bbox 1793 3863 1901 3954; x_wconf 85' lang='lat' dir='ltr'>Aro,</span> <span class='ocrx_word' id='word_1_314' title='bbox 1927 3859 2003 3946; x_wconf 75' lang='lat' dir='ltr'>&amp;o</span> <span class='ocrx_word' id='word_1_315' title='bbox 2027 3861 2127 3941; x_wconf 86' lang='lat' dir='ltr'>nihil</span> 
     </span>
     <span class='ocr_line' id='line_1_35' title="bbox 631 3958 2125 4063; baseline -0.001 -21"><span class='ocrx_word' id='word_1_316' title='bbox 631 3967 734 4042; x_wconf 85' lang='lat' dir='ltr'>certi</span> <span class='ocrx_word' id='word_1_317' title='bbox 750 3963 895 4039; x_wconf 85' lang='lat' dir='ltr'>decerni</span> <span class='ocrx_word' id='word_1_318' title='bbox 929 3959 1027 4062; x_wconf 84' lang='lat' dir='ltr'>posse</span> <span class='ocrx_word' id='word_1_319' title='bbox 1053 3960 1223 4039; x_wconf 84' lang='lat' dir='ltr'>Linnaeus</span> <span class='ocrx_word' id='word_1_320' title='bbox 1250 3961 1404 4063; x_wconf 86' lang='lat' dir='ltr'>ipsemet</span> <span class='ocrx_word' id='word_1_321' title='bbox 1435 3979 1664 4060; x_wconf 79' lang='lat' dir='ltr'>agnoverat,</span> <span class='ocrx_word' id='word_1_322' title='bbox 1688 3958 1736 4035; x_wconf 93' lang='lat' dir='ltr'>ob</span> <span class='ocrx_word' id='word_1_323' title='bbox 1752 3961 1914 4038; x_wconf 87' lang='lat' dir='ltr'>Stamina</span> <span class='ocrx_word' id='word_1_324' title='bbox 1936 4019 1947 4055; x_wconf 95' lang='lat'>,</span> <span class='ocrx_word' id='word_1_325' title='bbox 1972 3960 2012 4036; x_wconf 78' lang='lat' dir='ltr'>dc</span> <span class='ocrx_word' id='word_1_326' title='bbox 2029 3962 2125 4040; x_wconf 89' lang='lat' dir='ltr'>Ger-</span> 
     </span>
     <span class='ocr_line' id='line_1_36' title="bbox 630 4057 2127 4162; baseline 0.003 -24"><span class='ocrx_word' id='word_1_327' title='bbox 630 4065 730 4139; x_wconf 89' lang='lat' dir='ltr'>mina</span> <span class='ocrx_word' id='word_1_328' title='bbox 758 4064 795 4139; x_wconf 92' lang='lat' dir='ltr'>in</span> <span class='ocrx_word' id='word_1_329' title='bbox 823 4064 896 4141; x_wconf 89' lang='lat' dir='ltr'>illis</span> <span class='ocrx_word' id='word_1_330' title='bbox 923 4059 1101 4156; x_wconf 89' lang='lat' dir='ltr'>confusa,</span> <span class='ocrx_word' id='word_1_331' title='bbox 1129 4088 1170 4137; x_wconf 91' lang='lat' dir='ltr'>ac</span> <span class='ocrx_word' id='word_1_332' title='bbox 1197 4086 1347 4138; x_wconf 88' lang='lat' dir='ltr'>numero</span> <span class='ocrx_word' id='word_1_333' title='bbox 1374 4062 1521 4135; x_wconf 84' lang='lat' dir='ltr'>incerta.</span> <span class='ocrx_word' id='word_1_334' title='bbox 1549 4059 1607 4137; x_wconf 84' lang='lat' dir='ltr'>Ex</span> <span class='ocrx_word' id='word_1_335' title='bbox 1633 4057 1712 4135; x_wconf 81' lang='lat' dir='ltr'>aliis</span> <span class='ocrx_word' id='word_1_336' title='bbox 1739 4059 1942 4139; x_wconf 81' lang='lat' dir='ltr'>Ordinibus</span> <span class='ocrx_word' id='word_1_337' title='bbox 1959 4061 2127 4162; x_wconf 80' lang='lat' dir='ltr'>ejusdem</span> 
     </span>
     <span class='ocr_line' id='line_1_37' title="bbox 632 4158 2127 4268; baseline 0.001 -30"><span class='ocrx_word' id='word_1_338' title='bbox 632 4162 790 4260; x_wconf 81' lang='lat' dir='ltr'>clanis,</span> <span class='ocrx_word' id='word_1_339' title='bbox 818 4166 918 4267; x_wconf 80' lang='lat' dir='ltr'>cujus</span> <span class='ocrx_word' id='word_1_340' title='bbox 950 4162 1094 4239; x_wconf 88' lang='lat' dir='ltr'>Genera</span> <span class='ocrx_word' id='word_1_341' title='bbox 1122 4161 1303 4238; x_wconf 86' lang='lat' dir='ltr'>sexdecim</span> <span class='ocrx_word' id='word_1_342' title='bbox 1334 4163 1372 4239; x_wconf 90' lang='lat' dir='ltr'>in</span> <span class='ocrx_word' id='word_1_343' title='bbox 1393 4158 1457 4238; x_wconf 83' lang='lat' dir='ltr'>hac</span> <span class='ocrx_word' id='word_1_344' title='bbox 1475 4159 1585 4236; x_wconf 76' lang='lat' dir='ltr'>Flora</span> <span class='ocrx_word' id='word_1_345' title='bbox 1602 4184 1779 4264; x_wconf 89' lang='lat' dir='ltr'>expono,</span> <span class='ocrx_word' id='word_1_346' title='bbox 1806 4159 2005 4240; x_wconf 76' lang='lat' dir='ltr'>Helisteris</span> <span class='ocrx_word' id='word_1_347' title='bbox 2023 4165 2127 4268; x_wconf 91' lang='lat' dir='ltr'>prio·</span> 
     </span>
     <span class='ocr_line' id='line_1_38' title="bbox 631 4259 2126 4437; baseline 0.003 -99"><span class='ocrx_word' id='word_1_348' title='bbox 631 4289 687 4339; x_wconf 89' lang='lat' dir='ltr'>res</span> <span class='ocrx_word' id='word_1_349' title='bbox 712 4265 792 4344; x_wconf 85' lang='lat' dir='ltr'>duae</span> <span class='ocrx_word' id='word_1_350' title='bbox 808 4266 943 4369; x_wconf 88' lang='lat' dir='ltr'>species</span> <span class='ocrx_word' id='word_1_351' title='bbox 962 4266 1082 4364; x_wconf 87' lang='lat' dir='ltr'>potius</span> <span class='ocrx_word' id='word_1_352' title='bbox 1100 4259 1368 4363; x_wconf 82' lang='lat' dir='ltr'>Monadelplrae</span> <span class='ocrx_word' id='word_1_353' title='bbox 1382 4261 1587 4338; x_wconf 87' lang='lat' dir='ltr'>dicerentur</span> <span class='ocrx_word' id='word_1_354' title='bbox 1606 4317 1619 4356; x_wconf 92' lang='lat'>,</span> <span class='ocrx_word' id='word_1_355' title='bbox 1645 4287 1754 4364; x_wconf 86' lang='lat' dir='ltr'>quant</span> <span class='ocrx_word' id='word_1_356' title='bbox 1772 4261 2013 4437; x_wconf 57' lang='lat' dir='ltr'>Gpnandran</span> <span class='ocrx_word' id='word_1_357' title='bbox 2040 4289 2126 4350; x_wconf 84' lang='lat' dir='ltr'>cum</span> 
     </span>
     <span class='ocr_line' id='line_1_39' title="bbox 631 4359 2127 4456; baseline 0.001 -15"><span class='ocrx_word' id='word_1_358' title='bbox 631 4388 752 4441; x_wconf 86' lang='lat' dir='ltr'>earum</span> <span class='ocrx_word' id='word_1_359' title='bbox 782 4365 928 4448; x_wconf 85' lang='lat' dir='ltr'>stamina</span> <span class='ocrx_word' id='word_1_360' title='bbox 961 4361 1110 4440; x_wconf 86' lang='lat' dir='ltr'>inferius</span> <span class='ocrx_word' id='word_1_361' title='bbox 1140 4359 1341 4439; x_wconf 87' lang='lat' dir='ltr'>coalescant</span> <span class='ocrx_word' id='word_1_362' title='bbox 1370 4360 1603 4456; x_wconf 85' lang='lat' dir='ltr'>intubum,</span> <span class='ocrx_word' id='word_1_363' title='bbox 1642 4361 1681 4438; x_wconf 89' lang='lat'>&amp;</span> <span class='ocrx_word' id='word_1_364' title='bbox 1716 4389 1737 4440; x_wconf 83' lang='lat' dir='ltr'>a</span> <span class='ocrx_word' id='word_1_365' title='bbox 1765 4363 1803 4439; x_wconf 89' lang='lat' dir='ltr'>Pi</span> <span class='ocrx_word' id='word_1_366' title='bbox 1832 4363 1901 4442; x_wconf 88' lang='lat' dir='ltr'>illo</span> <span class='ocrx_word' id='word_1_367' title='bbox 1931 4366 2127 4455; x_wconf 79' lang='lat' dir='ltr'>videantur</span> 
     </span>
     <span class='ocr_line' id='line_1_40' title="bbox 631 4459 2129 4570; baseline 0.004 -32"><span class='ocrx_word' id='word_1_368' title='bbox 631 4465 780 4567; x_wconf 81' lang='lat' dir='ltr'>prorsus</span> <span class='ocrx_word' id='word_1_369' title='bbox 808 4465 950 4542; x_wconf 77' lang='lat' dir='ltr'>libera:</span> <span class='ocrx_word' id='word_1_370' title='bbox 988 4463 1087 4540; x_wconf 84' lang='lat' dir='ltr'>binas</span> <span class='ocrx_word' id='word_1_371' title='bbox 1114 4463 1205 4539; x_wconf 86' lang='lat' dir='ltr'>alias</span> <span class='ocrx_word' id='word_1_372' title='bbox 1230 4459 1364 4564; x_wconf 88' lang='lat' dir='ltr'>speeies</span> <span class='ocrx_word' id='word_1_373' title='bbox 1394 4464 1477 4540; x_wconf 78' lang='lat' dir='ltr'>vere</span> <span class='ocrx_word' id='word_1_374' title='bbox 1506 4462 1722 4566; x_wconf 84' lang='lat' dir='ltr'>Gynandras</span> <span class='ocrx_word' id='word_1_375' title='bbox 1752 4461 1973 4561; x_wconf 85' lang='lat' dir='ltr'>observavi,</span> <span class='ocrx_word' id='word_1_376' title='bbox 1996 4487 2129 4570; x_wconf 82' lang='lat' dir='ltr'>utpote</span> 
     </span>
    </p>

    <p class='ocr_par' dir='ltr' id='par_1_8' title="bbox 552 4562 2127 4972">
     <span class='ocr_line' id='line_1_41' title="bbox 553 4562 1879 4660; baseline -0.005 -15"><span class='ocrx_word' id='word_1_377' title='bbox 553 4651 557 4660; x_wconf 55' lang='grc'>,</span> <span class='ocrx_word' id='word_1_378' title='bbox 630 4569 788 4644; x_wconf 85' lang='lat' dir='ltr'>munitas</span> <span class='ocrx_word' id='word_1_379' title='bbox 819 4565 994 4644; x_wconf 83' lang='lat' dir='ltr'>Antheris</span> <span class='ocrx_word' id='word_1_380' title='bbox 1024 4563 1191 4641; x_wconf 84' lang='lat' dir='ltr'>seffilibus</span> <span class='ocrx_word' id='word_1_381' title='bbox 1219 4562 1385 4640; x_wconf 85' lang='lat' dir='ltr'>Germini</span> <span class='ocrx_word' id='word_1_382' title='bbox 1413 4563 1657 4642; x_wconf 73' lang='lat' dir='ltr'>infidentibus.</span> <span class='ocrx_word' id='word_1_383' title='bbox 1877 4647 1879 4654; x_wconf 26' lang='lat'><strong><em>¹</em></strong></span> 
     </span>
     <span class='ocr_line' id='line_1_42' title="bbox 729 4663 2127 4770; baseline 0.003 -26"><span class='ocrx_word' id='word_1_384' title='bbox 729 4749 735 4754; x_wconf 59' lang='grc'><strong>,</strong></span> <span class='ocrx_word' id='word_1_385' title='bbox 776 4668 820 4744; x_wconf 90' lang='lat' dir='ltr'>In</span> <span class='ocrx_word' id='word_1_386' title='bbox 852 4667 932 4744; x_wconf 83' lang='lat' dir='ltr'>aliis</span> <span class='ocrx_word' id='word_1_387' title='bbox 963 4665 1162 4741; x_wconf 89' lang='lat' dir='ltr'>Generibus</span> <span class='ocrx_word' id='word_1_388' title='bbox 1196 4665 1255 4742; x_wconf 90' lang='lat' dir='ltr'>vel</span> <span class='ocrx_word' id='word_1_389' title='bbox 1285 4663 1433 4741; x_wconf 75' lang='lat' dir='ltr'>stamina</span> <span class='ocrx_word' id='word_1_390' title='bbox 1462 4663 1640 4742; x_wconf 74' lang='lat' dir='ltr'>inhaerent</span> <span class='ocrx_word' id='word_1_391' title='bbox 1670 4663 1837 4744; x_wconf 87' lang='lat' dir='ltr'>Germini</span> <span class='ocrx_word' id='word_1_392' title='bbox 1854 4721 1871 4762; x_wconf 87' lang='lat'>,</span> <span class='ocrx_word' id='word_1_393' title='bbox 1893 4667 1954 4746; x_wconf 81' lang='lat' dir='ltr'>rel</span> <span class='ocrx_word' id='word_1_394' title='bbox 1985 4667 2127 4770; x_wconf 75' lang='lat' dir='ltr'>Stylo,</span> 
     </span>
     <span class='ocr_line' id='line_1_43' title="bbox 552 4765 2126 4876; baseline -0.004 -25"><span class='ocrx_word' id='word_1_395' title='bbox 552 4851 555 4858; x_wconf 85' lang='grc'>,</span> <span class='ocrx_word' id='word_1_396' title='bbox 632 4773 754 4876; x_wconf 88' lang='lat' dir='ltr'>licque</span> <span class='ocrx_word' id='word_1_397' title='bbox 778 4766 962 4850; x_wconf 78' lang='lat' dir='ltr'>manifeste</span> <span class='ocrx_word' id='word_1_398' title='bbox 988 4767 1188 4868; x_wconf 82' lang='lat' dir='ltr'>Gypandra</span> <span class='ocrx_word' id='word_1_399' title='bbox 1213 4765 1318 4841; x_wconf 86' lang='lat' dir='ltr'>sunt:</span> <span class='ocrx_word' id='word_1_400' title='bbox 1345 4767 1405 4844; x_wconf 89' lang='lat' dir='ltr'>vel</span> <span class='ocrx_word' id='word_1_401' title='bbox 1428 4770 1571 4844; x_wconf 81' lang='lat' dir='ltr'>nonita</span> <span class='ocrx_word' id='word_1_402' title='bbox 1591 4765 1684 4842; x_wconf 87' lang='lat' dir='ltr'>clare</span> <span class='ocrx_word' id='word_1_403' title='bbox 1702 4823 1718 4861; x_wconf 95' lang='lat'>,.</span> <span class='ocrx_word' id='word_1_404' title='bbox 1741 4793 1856 4862; x_wconf 84' lang='lat' dir='ltr'>cum,</span> <span class='ocrx_word' id='word_1_405' title='bbox 1877 4787 1939 4846; x_wconf 89' lang='lat' dir='ltr'>aut</span> <span class='ocrx_word' id='word_1_406' title='bbox 1957 4768 2126 4870; x_wconf 73' lang='lat' dir='ltr'>Stylum,</span> 
     </span>
     <span class='ocr_line' id='line_1_44' title="bbox 633 4863 2127 4972; baseline -0.004 -19"><span class='ocrx_word' id='word_1_407' title='bbox 633 4897 694 4953; x_wconf 86' lang='lat' dir='ltr'>aut</span> <span class='ocrx_word' id='word_1_408' title='bbox 717 4869 857 4972; x_wconf 86' lang='lat' dir='ltr'>Stigma</span> <span class='ocrx_word' id='word_1_409' title='bbox 883 4895 956 4945; x_wconf 91' lang='lat' dir='ltr'>non</span> <span class='ocrx_word' id='word_1_410' title='bbox 984 4867 1135 4942; x_wconf 89' lang='lat' dir='ltr'>habeant</span> <span class='ocrx_word' id='word_1_411' title='bbox 1163 4863 1249 4942; x_wconf 85' lang='lat' dir='ltr'>satis</span> <span class='ocrx_word' id='word_1_412' title='bbox 1271 4867 1497 4968; x_wconf 77' lang='lat' dir='ltr'>expressum,</span> <span class='ocrx_word' id='word_1_413' title='bbox 1522 4865 1583 4942; x_wconf 87' lang='lat' dir='ltr'>sed</span> <span class='ocrx_word' id='word_1_414' title='bbox 1607 4863 1739 4946; x_wconf 79' lang='lat' dir='ltr'>boruur</span> <span class='ocrx_word' id='word_1_415' title='bbox 1753 4871 1841 4948; x_wconf 87' lang='lat' dir='ltr'>loco</span> <span class='ocrx_word' id='word_1_416' title='bbox 1864 4866 2040 4969; x_wconf 66' lang='lat' dir='ltr'>punctum</span> <span class='ocrx_word' id='word_1_417' title='bbox 2056 4872 2127 4948; x_wconf 87' lang='lat' dir='ltr'>ali·</span> 
     </span>
    </p>
   </div>
   <div class='ocr_carea' id='block_1_3' title="bbox 562 4965 2128 5182">
    <p class='ocr_par' dir='ltr' id='par_1_9' title="bbox 562 4965 2128 5182">
     <span class='ocr_line' id='line_1_45' title="bbox 638 4965 2128 5155; baseline -0.004 -102"><span class='ocrx_word' id='word_1_418' title='bbox 638 4973 741 5078; x_wconf 82' lang='lat' dir='ltr'>quod</span> <span class='ocrx_word' id='word_1_419' title='bbox 762 4970 857 5064; x_wconf 80' lang='lat' dir='ltr'>,seu</span> <span class='ocrx_word' id='word_1_420' title='bbox 885 4967 1052 5050; x_wconf 80' lang='lat' dir='ltr'>fossulam</span> <span class='ocrx_word' id='word_1_421' title='bbox 1077 4965 1342 5070; x_wconf 71' lang='lat' dir='ltr'>longiusculam</span> <span class='ocrx_word' id='word_1_422' title='bbox 1374 4993 1397 5048; x_wconf 79' lang='lat' dir='ltr'>a</span> <span class='ocrx_word' id='word_1_423' title='bbox 1425 4965 1500 5048; x_wconf 82' lang='lat' dir='ltr'>basi</span> <span class='ocrx_word' id='word_1_424' title='bbox 1526 4965 1700 5064; x_wconf 63' lang='lat' dir='ltr'>staminia</span> <span class='ocrx_word' id='word_1_425' title='bbox 1727 4969 1776 5057; x_wconf 76' lang='lat' dir='ltr'>ad</span> <span class='ocrx_word' id='word_1_426' title='bbox 1799 4967 1977 5063; x_wconf 78' lang='lat' dir='ltr'>Plstillum</span> <span class='ocrx_word' id='word_1_427' title='bbox 1987 4973 2128 5155; x_wconf 51' lang='lat' dir='ltr'>ducens</span> 
     </span>
     <span class='ocr_line' id='line_1_46' title="bbox 562 5097 2111 5182; baseline 0.001 -24"><span class='ocrx_word' id='word_1_428' title='bbox 562 5121 571 5132; x_wconf 92' lang='lat'><em>·</em></span> <span class='ocrx_word' id='word_1_429' title='bbox 667 5155 672 5164; x_wconf 77' lang='grc'><em>,</em></span> <span class='ocrx_word' id='word_1_430' title='bbox 1997 5097 2111 5182; x_wconf 65' lang='lat' dir='ltr'>‚em2</span> 
     </span>
    </p>
   </div>
   <div class='ocr_carea' id='block_1_4' title="bbox 0 0 2222 5828">
    <p class='ocr_par' dir='ltr' id='par_1_10' title="bbox 0 0 2222 5828">
     <span class='ocr_line' id='line_1_47' title="bbox 0 0 2222 5828; baseline 0 0"><span class='ocrx_word' id='word_1_431' title='bbox 0 0 2222 5828; x_wconf 95' lang='lat' dir='ltr'> </span> 
     </span>
    </p>
   </div>
  </div>
 </body>
</html>
