4392 5838
656 414 686 497 6
893 411 1352 500 Monannnrn
1400 411 1863 498 Menocrito.

683 541 835 639 erasti,
861 542 1061 640 tortuosis,
1087 541 1243 624 nodois.
1284 541 1437 626 Culmus
1474 549 1642 648 perennis
1671 602 1683 640 ‚
1717 541 1997 646 simplicillimua
2016 573 2033 638 ,⁴
2053 569 2123 629 ere-

607 723 611 730 .
683 643 795 740 itus,
823 643 975 747 glaber,
1003 644 1061 726 6·
1076 644 1228 749 pedalia.
1253 641 1362 722 Folia
1391 647 1749 740 ovato-lanceolata,
1775 645 1952 740 enervia,
2003 644 2121 744 labro,

599 805 607 818 .
680 744 831 841 erecta,
857 771 1015 848 magna,
1043 747 1192 848 petiolis
1223 744 1551 846 amplexicaulibus.
1588 748 1676 827 Flos
1691 739 1809 847 spici
1835 671 2003 846 oblongi
2014 804 2028 840 ,
2052 773 2122 822 ere-

600 905 614 914 ..
681 843 777 926 tta:
811 845 1069 948 pedunculis,
1108 847 1147 926 δι
1171 843 1332 946 spa-this
1367 845 1574 948 partialibus
1598 846 1661 924 sub
1687 887 1705 904 -
1740 872 1793 948 3-
1811 845 1923 922 doris.
1967 845 2120 923 Perian-

607 1005 611 1014 .
680 943 806 1024 thium
821 945 1007 1040 inferum,
1035 945 1268 1039 tubulosum,
1293 944 1420 1022 obtuse
1447 971 1465 1047 3
1483 988 1501 1002 ·
1518 947 1643 1024 fidum.
1670 947 1818 1026 Corolia
1839 944 1996 1048 supera,
2022 947 2121 1028 albo-

612 1105 618 1114 -
657 1045 806 1142 ulmea,
836 1073 892 1149 3·
910 1053 1044 1151 partita
1071 1105 1082 1142 ‚
1118 1043 1263 1126 laciniis
1292 1046 1593 1148 oblongo-oratis
1618 1105 1628 1142 ,
1665 1047 1867 1138 concavis,
1891 1045 2119 1148 patentibus,

678 1145 950 1250 sttbaequalibus.
977 1147 1202 1226 Neiiarium
1231 1145 1492 1250 petaliforme,
1516 1146 1809 1239 subrotundum,
1833 1150 2119 1249 emarginatum,

606 1305 611 1312 .
680 1247 825 1330 laciniis
853 1247 1003 1330 corotlae
1029 1245 1248 1352 suboequale.
1288 1246 1535 1324 Filameutum
1568 1273 1583 1328 1
1615 1306 1628 1341 ‚
1663 1251 1799 1328 lineare
1833 1255 1859 1339 ,“‘
1880 1246 2060 1339 eratum,
2085 1249 2144 1321 in'

679 1347 951 1448 longitudinem
980 1346 1187 1441 sulcaturi,
1213 1345 1353 1426 corolll
1369 1348 1524 1447 longius.
1552 1348 1727 1428 Aethera
1743 1347 1929 1447 oblonga,
1959 1372 2012 1424 2-
2028 1348 2097 1424 fida
2109 1403 2120 1440 ,

605 1505 615 1512 -
681 1447 909 1550 amplestens
935 1447 1064 1552 stylum
1093 1449 1331 1550 longiorem,
1359 1474 1477 1526 crenae
1509 1449 1643 1551 ipsius,
1671 1449 1710 1526 δι
1728 1449 1903 1528 filamemi
1920 1445 2118 1526 inclusum:

670 1546 816 1648 stigma
834 1550 1117 1643 crailiusculum,
1143 1551 1420 1666 emarginatum.
1447 1547 1609 1652 Capsula
1629 1575 1647 1650 3
1665 1594 1684 1608 -
1700 1575 1824 1651 gono,
1853 1574 1872 1651 3
1888 1589 1909 1604 ·
1924 1549 2092 1650 Iocularie
2110 1604 2120 1639 ,

682 1672 739 1747 3-
756 1650 871 1726 valvis
890 1678 901 1723 τ
916 1649 1131 1748 seminibus
1153 1651 1276 1729 multis
1303 1648 1544 1728 subromndis.
1570 1650 1680 1729 Odor
1706 1652 1817 1728 totius
1831 1653 1968 1751 plantae
1984 1670 2122 1730 aroma·
2183 1745 2186 1752 ,

607 1821 612 1831 .
680 1750 803 1829 ricus:
832 1747 940 1852 sapor
961 1751 1103 1828 ardens.

601 1845 785 1932 *alubret
813 1869 888 1928 nm
916 1852 1014 1928 culta
1031 1855 1054 1946 ,‘
1070 1876 1180 1954 quam
1205 1849 1353 1951 agrestis
1381 1853 1418 1926 in
1448 1849 1735 1944 Cochinchinai,
1761 1848 1800 1928 &
1828 1847 1964 1927 Cinna.
1991 1845 2123 1922 Galan-

681 1973 729 2052 ga
751 1949 892 2026 Maior.
920 1950 1125 2054 Lancquas.
1154 1948 1317 2052 Rumph.
1336 1947 1444 2026 Amb.
1462 1951 1489 2029 l.
1510 1951 1531 2028 8
1549 1978 1581 2028 c.
1601 1978 1636 2053 9.
1656 1951 1726 2029 tab.
1744 1949 1802 2052 63.
1832 1949 1891 2027 ubi
1928 1947 2013 2028 satie
2040 1971 2123 2048 pro-

687 2050 769 2153 prie
793 2049 1026 2146 delineatur,
1053 2049 1091 2126 δί
1121 2049 1343 2128 describitur.

606 2151 795 2240 „Virmn
836 2150 1027 2244 Radicis,
1064 2149 1103 2227 δε
1129 2149 1317 2228 seminum.
1359 2149 1616 2243 enesaunt,
1643 2152 1838 2245 Incideris,
1866 2145 2122 2237 stomachico,

602 2303 608 2314 ·
681 2251 957 2428 Stqruutatoria.
984 2251 1131 2330 Prodest
1147 2254 1187 2329 in
1204 2250 1335 2332 colica
1351 2253 1555 2353 petuitosi,
1581 2251 1798 2345 Diarrhaei,
1823 2251 1982 2330 Vomitu
2002 2305 2014 2343 ,
2044 2249 2124 2324 Sin·

602 2401 610 2412 -
751 2371 800 2427 tu.

631 2375 752 2528 Utis:
781 2455 1026 2529 oeconomicus
1060 2456 1214 2531 recentis
1242 2452 1375 2529 radicis
1404 2451 1451 2526 ad
1480 2451 1705 2528 condiendos
1734 2451 1847 2554 pisces
1880 2509 1890 2545 ,
1936 2451 2122 2552 ialgema,

680 2549 721 2627 &
747 2553 911 2628 acetaria.
954 2553 1128 2630 Praeterea
1157 2554 1203 2630 ad
1259 2553 1431 2629 arandum
1463 2608 1476 2646 ,
1517 2551 1556 2628 &
1590 2553 1790 2630 acuendum
1816 2550 1987 2656 spiritum
2018 2547 2122 2640 vini,

681 2675 792 2834 quem
814 2677 857 2727 ex
882 2653 1032 2752 oryza,
1068 2654 1127 2730 vel
1158 2581 1326 2730 sacebaro
1357 2649 1576 2730 fermentato
1599 2651 1798 2730 extrahunt.
1838 2651 1971 2728 Crasse
1997 2667 2124 2726 contu⁴

604 2805 609 2816 -
698 2775 788 2843 am,
814 2749 853 2826 &
883 2753 1013 2926 aequali
1041 2777 1163 2854 oryzae
1188 2753 1307 2830 mallae
1335 2755 1571 2834 commixtam
1598 2755 1635 2830 in
1663 2752 1767 2830 bolos
1784 2749 2008 2841 efformant,
2035 2769 2123 2849 quos

683 2853 721 2927 in
749 2853 895 2927 camino
938 2849 1168 2954 aspendum,
1195 2873 1235 2928 ut
1259 2854 1376 2954 longo
1404 2873 1568 2954 tempore
1598 2853 1792 2956 fuliginem
1824 2852 2017 2930 imbibant.
2055 2848 2124 2922 Bo-

681 2953 731 3032 h'a
757 2949 830 3028 istie
853 2953 1018 3028 contritis
1048 2956 1320 3054 quantitatem,
1343 2977 1451 3054 quam
1483 2955 1613 3032 volunt
1644 2980 1767 3054 otyzae
1796 2951 1915 3030 coeiae
1930 2951 2124 3048 subigunt,

683 3079 726 3129 ac
757 3075 822 3154 per
852 3051 996 3128 noctem
1034 3052 1151 3132 sinunt
1189 3050 1385 3156 quiescere.
1429 3051 1603 3166 Sequenti
1640 3054 1702 3129 die
1729 3051 1990 3130 fermentatam
2025 3052 2125 3125 inve-

684 3153 819 3244 niuat,
847 3149 886 3226 &
916 3151 1092 3228 alembico
1118 3179 1282 3254 magno,
1309 3154 1370 3230 sed
1397 3151 1528 3231 humili
1553 3153 1769 3246 includunt,
1795 3149 1961 3256 indeque
1993 3149 2042 3226 ad
2072 3147 2127 3242 ig·

684 3279 766 3330 nem
798 3249 953 3328 destillat
980 3251 1002 3328 s
1024 3255 1125 3330 iritus
1151 3281 1225 3330 non
1252 3251 1406 3332 inferior
1430 3253 1559 3357 spiritu
1585 3253 1715 3333 vinoso
1741 3254 1873 3358 palmae
1904 3255 2063 3338 Cocus,
2088 3244 2125 3317 &

525 3366 528 3374 '
684 3351 724 3428 &
750 3348 894 3428 fortalle
921 3353 969 3430 sal
1021 3354 1105 3429 rior.

636 3451 790 3532 Observ.
810 3452 936 3530 Miror
952 3453 1079 3529 Celeb.
1108 3452 1298 3534 Linnaeum
1327 3452 1421 3534 itanc
1446 3455 1609 3557 plantam
1636 3452 1855 3558 adscripiiffe
1887 3456 1939 3532 G.
1971 3450 2128 3529 Maran-

605 3601 611 3611 ·
683 3577 730 3630 tae
759 3608 771 3644 ,
808 3552 906 3652 cujus
944 3551 1185 3628 charallerem
1227 3553 1445 3648 ellenrialem
1481 3557 1646 3656 agnoscit
1680 3557 1853 3632 corollam
1878 3557 2124 3658 tingentem,

686 3651 868 3750 5-fielam
902 3679 909 3725 :
949 3651 1107 3728 laciniis
1144 3679 1166 3730 a
1197 3653 1362 3728 alternis
1382 3654 1620 3754 patentibus.
1657 3655 1823 3756 Galanga
1856 3657 1982 3744 nostra
2012 3652 2128 3749 (quae

607 3801 612 3810 ·
684 3752 811 3828 eadem
836 3751 1049 3854 Rumphii)
1070 3753 1147 3830 'nec
1174 3755 1223 3830 ess
1238 3756 1416 3855 ringens,
1444 3782 1513 3833 nec
1539 3778 1597 3854 5-
1614 3755 1715 3847 fida,
1742 3755 1948 3833 nechabet
1970 3753 2061 3828 dios
2077 3745 2129 3821 la·

653 3885 655 3892 ⁴
684 3853 799 3928 chrias
830 3853 984 3928 alternas
1011 3876 1172 3955 patentes
1192 3909 1203 3946 ‚
1227 3852 1288 3930 sod
1316 3883 1471 3947 omnes,
1497 3881 1578 3959 quae
1604 3875 1678 3932 tres
1704 3857 1812 3950 firm,
1839 3849 2128 3958 magnitudine,

665 3949 723 4052 ¹&
750 3948 875 4028 forma
898 3948 972 4029 fere
998 3955 1164 4056 aequates.
1192 3952 1282 4032 Non
1309 3959 1442 4056 ignoro
1473 3953 1701 4058 Rumphium
1731 3957 1860 4034 dirille
1888 3960 2023 4035 florem
2054 3945 2128 4021 Ga·

683 4051 802 4150 longae
829 4075 887 4149 4-
904 4052 1091 4154 petalum:
1120 4053 1181 4130 sed
1207 4059 1342 4134 attente
1363 4057 1399 4132 le
1447 4058 1502 4132 nti
1533 4056 1670 4157 patebit
1701 4079 1908 4160 quartum,
1929 4051 2035 4160 quod
2065 4067 2130 4120 vo·

685 4171 744 4227 cat
764 4151 934 4252 petalum
961 4155 1118 4230 trellum
1152 4155 1270 4251 instar
1302 4081 1483 4248 vinidi,
1522 4153 1723 4234 nestorium
1761 4157 1830 4236 effe
1860 4151 2129 4261 permistim,

685 4277 755 4328 non
784 4255 932 4330 corollae
961 4256 1161 4348 laciniam,
1189 4255 1288 4357 quod
1316 4281 1359 4330 ex
1388 4256 1454 4334 fitu
1484 4259 1684 4352 interiore,
1711 4258 1749 4333 ὅτ
1774 4249 2007 4362 inspestione
2038 4249 2130 4346 figu·

684 4361 743 4430 rae.
758 4354 990 4432 confirmatur
1023 4383 1032 4429 r
1069 4357 1236 4460 quamvis
1276 4357 1372 4432 idem
1387 4355 1614 4436 Neilarium
1643 4378 1695 4436 'err
1724 4358 1843 4436 nostri
1870 4349 2129 4438 observacione

682 4479 755 4530 non
785 4457 834 4532 ita
858 4456 904 4530 ad
931 4454 1042 4531 balim
1067 4477 1269 4532 attenuetur
1299 4514 1310 4550 ,
1347 4479 1456 4560 prout
1492 4461 1635 4540 videtur
1663 4462 1700 4534 in
1728 4461 1842 4560 figuti
1871 4439 2127 4556 Rumphiani·

650 4568 654 4578 “
685 4552 810 4658 Itaque
837 4555 1009 4635 indubius.
1027 4555 1137 4634 ailero
1159 4557 1328 4732 paneam
1356 4557 1457 4636 istam
1473 4557 1630 4661 speeiem
1654 4559 1912 4656 eiieAtitomi,
1941 4580 2020 4635 non
2039 4544 2130 4622 Mt-

685 4675 804 4732 tantac.
831 4657 996 4734 Eandem
1024 4683 1108 4732 cum
1137 4659 1217 4735 aiis
1245 4683 1266 4734 a
1289 4683 1348 4734 me
1376 4680 1481 4736 antea
1508 4663 1545 4734 in
1567 4661 1755 4766 Europam
1779 4661 2131 4761 mimmexamtna·

683 4757 738 4834 vit
763 4758 863 4838 Clar·
887 4761 1090 4864 bergamo(
1116 4757 1215 4862 Mat·
1244 4759 1352 4843 Meo
1380 4767 1465 4865 pagi
1497 4765 1560 4863 5.)
1596 4786 1750 4866 eamque
1770 4761 1940 4864 ,Antonii
1965 4751 2130 4923 semg-m

632 4920 635 4936 ,
1985 4873 2062 4954 agn
