4396 5834
387 413 1395 502 arsurus-rinnrosoersrr.
1520 437 1617 516 ·125

201 549 309 645 ran't,
334 549 548 628 Africanam
575 548 618 624 ab
648 547 800 626 Indiand
827 544 1003 638 differte,
1037 541 1098 622 sed
1130 540 1372 618 differentiam
1406 567 1477 618 non
1512 565 1642 644 potue·

201 674 283 730 runt
309 653 405 730 clare
428 675 622 754 exponere.
657 649 827 751 Suspicor
857 645 1142 748 descriptionem
1169 642 1403 720 Linnaeanant
1431 667 1640 744 excerptam
1710 699 1713 706 .

198 751 298 828 suilse
327 777 371 828 ex
396 751 624 828 relationibus
656 775 731 848 non
760 747 841 824 satis
871 747 1077 837 accuratis,
1105 744 1189 838 ideo
1220 743 1482 844 nonjudicari
1513 743 1635 820 diver-

196 851 269 928 sam
300 851 457 954 speciem
484 849 675 952 separare,
710 850 875 952 quamvis
906 843 1020 922 nostra
1048 841 1191 922 differat
1223 843 1334 920 bacca
1352 842 1489 934 unicd,
1517 845 1638 921 corol-

197 955 232 1030 la
257 949 605 1054 hippocratiformi,
634 975 699 1024 nec
727 969 923 1039 contorta,
948 941 1113 1044 stigmate
1143 947 1371 1044 emarginato
1390 943 1560 1036 ,aculeis
1578 970 1633 1020 ra-

197 1050 334 1143 mosis,
362 1077 426 1126 nec
455 1049 664 1152 sinpliciter
694 1047 942 1138 dichotomis,
969 1045 1007 1121 &
1037 1043 1138 1120 soliis
1157 1047 1284 1122 acutis.
1313 1045 1427 1144 Spina
1454 1041 1639 1144 spinarum

196 1151 375 1252 Rumpbii
405 1151 605 1265 improprie
633 1151 766 1224 dicitur
800 1149 997 1224 aLinnaeo
1031 1143 1167 1220 Carissa
1203 1149 1421 1248 spinarum,
1460 1142 1507 1218 est
1540 1145 1640 1234 enim

197 1252 319 1328 Genus
345 1252 555 1341 diversum,
581 1251 625 1324 de
657 1275 731 1352 quo
760 1275 825 1326 nos
854 1251 893 1324 in
921 1247 1086 1322 Dioccia
1114 1243 1160 1320 G.
1186 1271 1243 1354 32.

366 1434 644 1571 Gaurus
691 1445 834 1524 1111.
896 1441 1416 1524 11111111Νο1.

148 1654 257 1832 Chsar.
286 1653 419 1830 (Ιὲεὲετ.
449 1649 532 1728 Cor.
563 1673 620 1750 5-
635 1651 716 1728 fida.
745 1651 865 1728 Bacca
903 1645 1169 1740 1·loeula1·is,
1195 1647 1330 1724 cortice
1357 1642 1515 1747 lignoso.
1543 1645 1628 1726 Lin.

208 1781 248 1855 1·
267 1779 317 1856 P·
374 1776 487 1848 ·270·

142 1955 204 2055 sp.
227 1980 259 2031 1.
288 1951 609 2033 sruucrruos
639 1951 754 2030 Nux
787 1949 1012 2030 vonum.
1041 1985 1063 2024 t
1090 1952 1153 2034 ο..
1177 1907 1221 2012 cl
1243 1954 1304 2017 ar.

142 2053 271 2130 Differ.
299 2055 395 2156 spec.
427 2055 467 2130 St
515 2081 545 2130 c.
565 2049 685 2152 foliis
713 2055 861 2130 ovatis:
890 2051 994 2126 caule
1025 2055 1167 2128 inermi.
1194 2051 1277 2126 Lin.
1296 2047 1319 2126 s
1341 2103 1349 2123 .
1373 2075 1404 2126 1.

142 2151 255 2246 Hab,
283 2154 321 2228 &
353 2078 630 2230 notaeXrurex
658 2179 830 2255 magnus,
863 2175 991 2230 trunco
1015 2151 1195 2245 arboreo,
1224 2078 1364 2243 crassb),
1392 2143 1537 2243 eredo,
1563 2177 1631 2226 ra-

185 2255 267 2345 mis
296 2251 489 2346 flexuosis,
517 2255 665 2354 longis,
691 2253 971 2345 scandentibus,
998 2254 1210 2328 inermibus.
1237 2249 1345 2328 folia
1369 2269 1505 2342 ovata,
1533 2252 1626 2328 inte-

111 2371 117 2382 ·
184 2357 378 2454 gerrirna,
403 2353 559 2452 obtusa,
586 2359 806 2450 5-nervia,
835 2353 986 2452 glabra,
1011 2351 1178 2453 opposita
1192 2407 1204 2443 ,
1232 2351 1417 2451 petiolata.
1443 2349 1529 2424 Flos
1573 2353 1627 2428 al·-

183 2455 286 2532 lidus
305 2509 315 2543 ,
344 2451 556 2552 pedunculis
580 2453 785 2542 lateralibus
804 2510 815 2544 ,
841 2451 1141 2528 &terminalibus
1162 2478 1169 2522 :
1197 2450 1321 2548 calyce
1348 2473 1401 2547 ς·
1418 2449 1518 2540 fido,
1546 2379 1627 2524 brc-

185 2556 262 2644 vi,
289 2573 408 2628 acut0.
437 2550 583 2627 Corolla
615 2552 807 2644 tubulosa,
835 2577 998 2652 magna,
1027 2546 1487 2641 lbbidsundibulisormis,
1513 2549 1627 2625 limbo

187 2677 245 2752 ς·
262 2650 367 2727 sido:
397 2651 631 2726 «staminibus
662 2675 712 2751 5:
732 2651 912 2754 stigmate
943 2649 1085 2728 obtuso.
1113 2647 1375 2748 Pericarpium
1410 2647 1518 2724 bacca
1551 2673 1629 2724 ma-

184 2779 290 2856 gna,
317 2749 464 2850 globosa
491 2808 502 2842 ,
540 2751 760 2828 fusco-rubra
790 2809 801 2844 ,
842 2752 1021 2853 pulposa,
1049 2751 1184 2824 cortice
1211 2749 1334 2840 duro,
1365 2747 1627 2844 1-loeularis,

186 2851 433 2953 polysperma.
475 2853 622 2926 Semina
652 2853 881 2942 orbiculata,
918 2849 1109 2966 depressa,
1133 2847 1291 2943 villosa,
1317 2847 1512 2926 substantie
1544 2875 1626 2924 cor-

186 2977 292 3043 neae,
319 2951 570 3044 arnariffimae,
598 2953 751 3028 exterius
779 2953 913 3026 eoloris
944 2951 1090 3048 cinerei.

141 3051 306 3127 Habitat·
328 3053 366 3124 in
393 3048 504 3150 sylvis
533 3055 733 3151 provinciae
761 3050 855 3126 Elath
887 3049 1049 3152 Khang,
1075 3049 1166 3124 olim
1196 3049 1241 3123 ad
1272 3075 1422 3152 regnum
1440 3046 1624 3151 Cbampa·

184 3177 302 3242 vam,
330 3177 423 3224 nunc
455 3153 501 3226 ad
530 3151 817 3227 Cocbincbinam
847 3153 1076 3254 pertinentis.

40 3305 43 3310 ·
138 3251 322 3326 Caniram.
350 3251 467 3325 Reed.
498 3251 637 3326 Malab.
675 3277 705 3327 1.
736 3279 774 3352 p.
806 3250 864 3348 67.
895 3249 968 3324 tab.
1007 3273 1063 3349 37.
1092 3245 1178 3322 Nux
1202 3247 1356 3324 Vomica
1382 3248 1625 3326 officinarum.

107 3401 112 3404 -
182 3351 309 3426 Burm.
338 3347 442 3450 Zeyl.
473 3375 553 3451 pag.
579 3375 657 3443 171.

137 3449 263 3526 Virtus
285 3477 293 3522 :
321 3450 474 3525 Radicis
493 3507 504 3542 ,
533 3450 570 3522 te
587 3451 678 3548 ligni
698 3507 708 3542 ,
737 3451 835 3552 quod
860 3451 973 3553 aliqui
992 3451 1262 3526 dicuntverum
1281 3447 1347 3523 esse
1366 3447 1621 3543 colubrioum,

182 3550 280 3625 nulla
313 3547 402 3622 mibi
431 3551 589 3650 probata.
618 3551 802 3624 Sentinum
831 3555 886 3626 vis
918 3549 1151 3641 contulliset,
1187 3548 1438 3646 vertiginosa,
1465 3575 1623 3624 venena-

180 3671 249 3740 ta,
276 3646 315 3722 &
344 3673 416 3724 uon
447 3647 562 3723 solum
592 3650 910 3752 quadrupedibus,
948 3651 1009 3726 sed
1041 3652 1148 3724 etiarn
1180 3647 1393 3725 bominibus
1426 3647 1623 3741 lethifera,

43 3799 46 3806 .
184 3748 252 3824 nist
278 3750 386 3823 nimis
415 3749 517 3824 cautb
545 3749 815 3824 administretur.
851 3749 1012 3842 Vinum,
1040 3761 1077 3825 in
1108 3775 1182 3849 quo
1210 3775 1250 3824 ea
1282 3750 1417 3824 semina
1443 3747 1627 3824 semitosla
1691 3801 1694 3810 ,

180 3847 303 3926 infusa
331 3844 502 3939 fuerant,
529 3849 614 3926 dedi
644 3874 738 3951 equo
771 3847 954 3925 debilitate
980 3875 1120 3924 crurum
1144 3849 1351 3938 laboranti,
1379 3849 1543 3948 alioquin
1564 3875 1627 3924 ro-

182 3947 316 4038 busto,
344 3948 405 4048 qui
437 3947 552 4024 statim
577 3947 898 4040 contusionibus,
925 3950 962 4023 de
993 3971 1147 4026 tremore
1173 3975 1315 4024 crurum
1346 3951 1501 4046 agitatus
1530 3950 1626 4024 intra
1769 4001 1772 4012 ·
1916 3993 1920 4001 ·

183 4045 289 4124 borao
313 4047 545 4148 quadrantem
578 4070 738 4124 mortuus
765 4049 908 4124 cecidit.
936 4049 1076 4124 Eadem
1102 4073 1224 4125 tamen
1249 4049 1380 4124 semina
1402 4045 1560 4150 persedlb
1579 4049 1626 4122 ad
1780 4043 1784 4050 ’

19 4145 21 4154 ’
184 4148 413 4248 nigredinem
443 4146 514 4222 usta
545 4148 651 4224 valde
680 4150 783 4224 utilia
812 4149 921 4243 sunt,
948 4147 986 4224 δι
1017 4147 1150 4251 absque
1182 4151 1345 4252 periculo
1374 4149 1454 4224 dari
1482 4147 1625 4249 possunt

176 4251 228 4326 ad
258 4245 500 4324 cohibendum
529 4247 679 4324 fluorem
703 4248 833 4326 album.

368 4445 645 4526 GENUS
690 4447 813 4525 XXX.
866 4447 1383 4530 IGNATIANA.

132 4647 241 4732 OErar.
262 4649 398 4724 Gener.
428 4645 508 4723 Cal.
537 4649 780 4750 5·dentatus.
810 4651 892 4726 Cor.
919 4653 1155 4752 Longissima.
1193 4651 1331 4753 Drupa
1360 4647 1623 4743 unilocularis,
1726 4672 1730 4686 ¹

118 4891 122 4900 Ι
176 4749 431 4872 polysperrna.
456 4747 541 4828 Lin.
554 4749 640 4846 Jun.
661 4751 737 4855 sup.
756 4753 807 4855 pl.
830 4753 876 4828 G.
900 4778 979 4854 137.
998 4778 1083 4856 pag.
1103 4777 1216 4873 ²⁰⁸,
1369 4801 1370 4806 ¹
1474 4849 1592 4952 Spa.
