4386 5838
600 473 680 571 u76
798 471 1417 548 ‘otrrronnntn
1463 465 1776 546 Furens:

630 605 669 677 in
702 602 869 679 Dioscor.
896 597 993 698 epist.
1023 619 1291 699 nuncuprpag.
1321 595 1353 670 8.
1381 592 1479 694 Agn.
1509 592 1716 696 Scythicus.
1742 589 1847 670 Didi.
1878 590 1929 668 of
1948 589 2069 686 Aris,

630 703 701 776 and
731 702 902 778 l'ciences.
931 726 975 799 pa
1006 753 1014 772 .
1044 698 1100 798 69.

574 800 733 880 Observ.
765 803 880 879 Multi
908 724 1088 874 nullores
1115 792 1329 898 scripserunt
1356 797 1400 870 de
1423 796 1532 897 Agno
1558 793 1735 896 Scythico
1749 757 1960 873 Batomets:
1989 792 2069 908 Ple‘.

629 905 731 1006 rique
765 899 936 978 fabulosi.
963 897 1123 998 Aliqui,
1150 901 1243 972 inter
1269 921 1359 996 quos
1376 895 1574 987 Kirkerus,
1605 899 1679 994 ejus
1705 897 1856 997 figuram
1884 897 2069 991 neriagot

627 1002 846 1078 stmillitnam
877 997 1147 1099 expresserunt,
1175 1020 1232 1072 tan
1262 1021 1344 1099 uam
1374 993 1532 1073 studium
1564 995 1745 1098 cujusdam
1776 999 1909 1098 plantae
1927 997 2068 1074 summo

630 1102 742 1178 caulis
769 1103 895 1180 vertici
928 1097 1153 1174 insistentem.
1180 1023 1313 1172 Nolite
1343 1122 1416 1171 non
1441 1097 1488 1172 est
1510 1094 1674 1189 fresios,
1703 1100 1764 1173 scd
1782 1100 1895 1174 radix.
1925 1099 2069 1203 istaque

630 1204 755 1280 naturl
789 1203 848 1278 sui
883 1196 1127 1301 polymorplta
1165 1196 1272 1273 facite
1299 1217 1488 1296 coaptatur
1519 1199 1604 1272 artis
1639 1195 1814 1276 beneficio
1842 1198 2070 1276 inzsotma'm

628 1305 743 1403 agni,
772 1329 879 1405 quem
909 1299 1055 1375 Tartari
1083 1293 1214 1376 toc'ant
1237 1300 1455 1374 borametz:
1486 1298 1543 1374 vel
1570 1301 1688 1399 potius
1717 1304 1753 1374 in
1786 1297 1944 1402 speciem
1962 1306 2068 1378 canis

619 1406 693 1482 ruli
725 1461 735 1496 ,
775 1429 883 1506 quem
910 1410 985 1476 tam
1005 1397 1364 1488 Cochinchinenses,
1396 1423 1511 1497 quam
1538 1400 1701 1475 Sinenses
1733 1399 1910 1476 idiomate
1944 1408 2066 1504 patrio
2139 1453 2144 1460 ·

628 1507 679 1580 ita
706 1509 908 1580 nominant.
947 1503 1089 1599 Corpus
1119 1500 1355 1602 oblongum,
1396 1497 1642 1599 pilostlstmum
1684 1526 1727 1576 ex
1759 1504 1853 1577 rena
1879 1503 2067 1598 nascitur,

628 1605 729 1706 quod
754 1631 797 1681 ex
819 1600 929 1680 alteri
961 1617 1059 1703 parte
1085 1604 1177 1700 laepe
1209 1619 1408 1676 attenuatur
1439 1655 1449 1691 ,
1490 1599 1674 1700 rursusque
1709 1604 1851 1680 crassius
1884 1605 2065 1706 alsurgit,

627 1727 666 1782 ut
693 1704 856 1796 collum,
883 1702 922 1777 ὅ(
955 1723 1061 1802 caput
1089 1703 1199 1803 fingat
1229 1733 1239 1793 3
1277 1698 1451 1800 smulque
1486 1700 1568 1776 bina
1601 1699 1841 1778 excrescentia
1875 1707 2065 1804 pendula,

627 1803 813 1908 pilosaque
839 1831 940 1880 aures
969 1805 1196 1880 mentiuntur.
1232 1802 1289 1878 Ex
1326 1797 1474 1878 aduerso
1508 1802 1627 1878 brevis
1657 1801 1813 1878 surculus
1841 1829 1861 1877 a
1888 1826 1991 1906 tergo
2020 1811 2060 1882 io
2181 1810 2185 1820 '

597 1905 777 2004 'caudam
803 1905 1039 2007 protenditur.
1078 1907 1245 2001 Qtatuot
1270 1901 1434 2001 stipites,
1463 1903 1599 1978 abscists
1628 1901 1851 1996 frondibus,
1880 1907 2064 1984 reservan-

627 2027 713 2099 tur,
739 2025 778 2082 ut
801 2005 910 2106 pedes
936 2003 1121 2083 simulent:
1155 2005 1201 2079 stc
1229 2028 1271 2078 ue
1293 2026 1456 2101 agnum,
1484 2005 1542 2080 vel
1573 2029 1698 2080 canem
1724 2003 1812 2080 stare
1840 2004 1991 2106 alonge
2007 2009 2062 2084 vi·
2182 2044 2189 2055 ·

627 2107 741 2201 deas,
769 2131 923 2208 querna
949 2130 1035 2180 vero
1071 2130 1141 2179 oon
1172 2031 1392 2204 dillioguas,
1422 2104 1485 2180 nist
1521 2107 1686 2205 proxime
1717 2105 1879 2184 accedas.
1915 2105 2062 2185 Falsum

579 2261 581 2266 -
627 2207 674 2282 est
706 2205 819 2283 nullas
854 2204 977 2280 herbas
1002 2205 1105 2305 juxta
1137 2203 1207 2279 hoc
1241 2205 1443 2302 vegetabile
1469 2206 1653 2296 crelcere,
1679 2227 1741 2283 aut
1773 2205 1905 2283 servari
1936 2208 2057 2309 polle,

627 2304 723 2408 quast
751 2305 834 2388 ¹illis
872 2329 986 2405 agnus
1018 2303 1206 2406 Scythicus
1236 2309 1408 2405 pascatur.
1451 2306 1504 2382 At
1532 2307 1749 2383 verissimum
1779 2306 1934 2410 probaui
1965 2310 2062 2384 radi-

627 2432 705 2482 cem
737 2406 836 2484 illam
868 2406 1053 2482 carnosum
1081 2403 1231 2481 humore
1259 2429 1439 2501 cruento,
1477 2408 1665 2507 tenacique
1695 2431 1866 2500 manate,
1894 2405 2060 2509 sanguini
2120 2480 2124 2487 .

527 2571 530 2579 .
618 2508 835 2583 animalium
866 2505 1080 2597 simillimo,
1106 2506 1307 2582 dummodo
1341 2532 1462 2584 recens
1494 2505 1647 2599 adbuc,
1684 2532 1749 2582 nec
1775 2510 1916 2610 penitus
1951 2509 2059 2584 exste-

618 2628 704 2684 cata
734 2605 895 2686 feriatur.
923 2605 1062 2682 Caetera
1092 2607 1298 2700 mirabilia,
1327 2634 1407 2708 quae
1439 2608 1486 2684 de
1513 2607 1579 2684 illo
1602 2608 1873 2707 praedicantur,
1901 2606 2059 2687 fabulosa

625 2707 721 2784 sunt.
1377 2777 1380 2782 ,
1445 2731 1448 2744 ·
1832 2747 1835 2754 >
1869 2717 1897 2784 ⁴.

574 2806 673 2894 virt.
700 2809 843 2884 radicis.
871 2806 1093 2907 Astringens.
1121 2805 1335 2888 Vulneribus
1366 2807 1533 2912 impostta
1561 2807 1768 2908 sanguinent
1785 2809 1878 2886 finit.
1906 2809 2047 2889 Piodeli

626 2907 665 2980 in
692 2906 944 2999 Gonorrltaei,
972 2907 1010 2982 ὃ(
1036 2909 1149 2985 fluore
1175 2909 1267 2986 albo.

577 3109 640 3207 sp.
665 3131 719 3185 η.
747 3109 1092 3188 aotrnoomnt
1117 3078 1431 3192 nnoonnunt.
1458 3151 1481 3188 a
1509 3114 1571 3194 cu
1592 3118 1702 3180 utum.

574 3206 703 3324 Disser.
734 3209 836 3384 spelei
856 3213 930 3385 pos
948 3199 1155 3310 frondibus
1184 3213 1419 3314 bipinnatis,
1456 3213 1598 3293 serratis
1627 3243 1635 3293 :
1671 3218 1824 3294 caudice
1855 3209 2055 3322 arboreo,

629 3333 766 3384 tnermr.
826 3337 876 3385 nr.
949 3366 956 3384 .
1027 3369 1036 3388 .

573 3405 702 3504 Han,
728 3409 767 3484 ὁ(
797 3431 905 3488 notae.
923 3327 1098 3488 pdedex
1124 3413 1321 3508 arboreus,
1348 3441 1396 3494 20
1423 3415 1560 3518 peden,
1596 3417 1634 3492 &
1663 3418 1754 3495 ultra
1782 3421 1943 3522 longus,
1973 3453 2051 3506 crus

625 3508 784 3603 crassus,
812 3510 965 3604 tesius,
1003 3514 1116 3592 subae-
1143 3517 1232 3592 ualis
1261 3573 1273 3610 ,
1309 3515 1473 3594 brevibus
1507 3519 1686 3594 interdum
1708 3517 1857 3619 spinulis
1888 3527 2051 3624 obsitus,

624 3605 775 3700 fuscus,
803 3610 991 3709 lignosus,
1019 3542 1251 3710 duridimus,
1278 3619 1316 3690 in
1344 3637 1469 3692 centto
1496 3617 1770 3720 molliusculuS,
1796 3621 2048 3727 subaquosus:

594 3795 596 3798 ,
623 3706 821 3784 radicibus
839 3701 975 3788 librofis
994 3771 1006 3808 ,
1060 3715 1226 3809 lutimis,
1253 3718 1455 3792 intricatis:
1483 3719 1606 3793 ramis
1623 3722 1742 3797 nullis.
1769 3721 1933 3801 Frondes
1950 3729 2047 3830 8·pe·

623 3808 750 3901 dales,
780 3812 1004 3911 2-pinnatae:
1030 3742 1207 3915 dipiribus
1243 3815 1517 3912 sub-teretibus,
1545 3819 1762 3898 inermibus:
1792 3815 1944 3919 foliolis
1971 3833 2048 3906 lan-

623 3907 799 4002 ceolatis,
826 3909 997 4006 serratis,
1024 3916 1184 4014 glabris,
1211 3915 1293 3994 laete
1322 3918 1532 3996 virentibus.
1558 3919 1884 4016 Fruslificatinnes
1908 3928 2049 4030 punllis

624 4005 830 4085 orbiculatis
850 4067 861 4102 ,
889 4015 1002 4104 rufis,
1030 4023 1040 4094 l
1070 4015 1164 4092 atsts.
1743 4057 1746 4064 ·
1810 4038 1815 4054 “

571 4103 728 4181 Habitat
759 4112 797 4183 in
826 4111 935 4209 sylvis
963 4043 1254 4211 Cocliinchinae,
1285 4119 1325 4196 in
1351 4118 1480 4198 ultimi
1511 4077 1700 4223 provincii
1724 4083 1772 4204 ad
1797 4129 1965 4208 Austrum
1991 4131 2051 4212 sna

624 4231 737 4304 prope
770 4207 1026 4290 Cambodiam.

505 4310 508 4318 '
569 4303 761 4382 Palmifilix
791 4307 955 4408 postium.
983 4289 1146 4414 Rutitph.¹
1162 4316 1269 4395 Amb.
1287 4320 1311 4396 l.
1337 4343 1391 4399 10.
1412 4347 1444 4398 c.
1462 4321 1522 4422 46.
1543 4351 1624 4428 pag.
1645 4325 1703 4430 63.
1724 4329 1793 4406 tab.
1809 4357 1869 4430 27.
1894 4335 2051 4439 Polypo·

472 4431 480 4440 ·
622 4405 723 4580 glum
756 4409 980 4600 aeroteum,
1017 4419 1248 4513 maximum,
1287 4417 1419 4498 fronde
1449 4429 1642 4522 tenuiore,
1667 4432 1824 4512 caudice
1853 4433 2048 4514 dunffimo.

654 4531 764 4584 town.
812 4535 984 4612 am.1o4.
1426 4549 1431 4556 ·
1571 4559 1583 4566 ·
1925 4553 1929 4565 “

567 4601 678 4679 Usus.
705 4607 854 4724 Caudex
883 4613 918 4686 in
949 4614 1155 4696 rediffimas
1184 4622 1321 4722 regulas
1352 4625 1442 4703 fissus
1461 4631 1543 4730 apte
1566 4595 1791 4714 substernitur
1817 4599 1976 4742 tegulis,
1993 4639 2048 4721 vel

615 4703 847 4790 ,straminibus
879 4714 925 4790 ad
950 4715 1211 4804 conformanda
1237 4725 1427 4806 domorum
1457 4729 1550 4810 tella
1577 4735 1709 4814 diutius
1741 4742 1981 4840 permansura.

1840 4902 1843 4908 ’
1944 4905 2025 5035 ob..
