4392 5838
166 629 326 774 ltaque
352 629 486 737 madli
514 629 667 738 animo
683 633 858 760 estote,
888 629 1011 738 Socii
1026 635 1268 743 Clarillirni
1289 605 1387 766 stit
1403 537 1520 748 oviis

61 771 358 878 Academicum
385 771 653 914 perficiatis,
683 775 809 914 quod
834 805 925 877 tam
953 775 1103 882 solidis
1132 781 1354 884 columnis
1374 683 1528 885 ludul-

61 943 129 1013 um
155 915 419 1056 conspicitis
475 914 630 1020 Seduli
657 945 927 1056 promovete
960 991 977 1044 ,
1022 916 1302 1058 usquedum
1333 923 1529 1026 numeris
1570 991 1574 1002 ·

55 1055 239 1158 omnibus
284 1056 537 1171 absolutum
573 1054 796 1159 deveniat.
843 1055 1091 1162 Materiam
1118 1055 1267 1164 Vobis
1290 1063 1528 1167 adstruen-

52 1193 148 1296 ribus
177 1194 357 1300 abunde
389 1195 738 1336 suppeditabunt
770 1231 866 1302 non
892 1193 1074 1338 Europa
1105 1197 1424 1330 solummodo,
1453 1203 1531 1308 sed

49 1330 139 1456 Alsa
170 1337 259 1474 ipb
287 1412 303 1460 ,
351 1334 428 1440 sed
457 1331 615 1438 Africa
641 1371 827 1476 quoque
861 1411 877 1462 ,
924 1339 975 1442 &
1003 1337 1220 1444 Aruerica
1235 1423 1252 1472 ‚
1291 1339 1439 1446 Vobis
1467 1381 1527 1447 eo

48 1473 166 1611 pluris
190 1475 479 1603 habendam,
510 1476 633 1614 quod
663 1476 928 1616 plerumque
957 1477 1005 1578 in
1017 1479 1234 1622 proprio,
1265 1477 1342 1586 etli
1373 1511 1527 1606 rento-¹
1628 1493 1630 1496 ’

48 1612 194 1717 tillimo
220 1616 318 1720 solo
349 1615 608 1740 inventam,
640 1646 773 1754 atque
802 1613 1051 1722 colleuarn
1208 1621 1211 1628 ’

6 1817 8 1828 ,
168 1753 291 1896 Opis
318 1792 435 1858 meae
463 1790 557 1857 non
588 1757 671 1858 erit
698 1755 900 1896 lapides,
933 1757 1144 1884 metalla,
1185 1759 1237 1864 &
1261 1759 1331 1864 his
1356 1765 1527 1903 pretio·

6 1931 10 1951 ·
43 1891 142 1996 liora
167 1923 306 1999 tantae
333 1895 443 1998 moli
471 1895 701 2034 erigendae
717 1893 952 2000 conferre:
983 1895 1100 1998 iners
1117 1927 1298 2028 tamen,
1329 1904 1380 2008 δι
1397 1941 1531 2044 pror-

42 2035 102 2136 lns
139 2035 310 2138 inutilis
352 2036 494 2142 socius
539 2073 641 2162 non,
678 2071 774 2140 ero.
826 2031 897 2138 Ex
935 2072 1042 2138 meo
1083 2039 1380 2184 qualicunque
1406 2081 1529 2184 penu

41 2175 181 2280 Vobis
216 2175 363 2280 offero
388 2177 569 2280 Floram
599 2175 731 2280 istam
753 2175 1210 2292 Cochinchinensem.
1249 2178 1305 2284 In
1331 2181 1528 2326 ejuspe-

6 2299 9 2334 '
40 2317 280 2438 netralibus
322 2318 555 2420 invenietis
584 2317 708 2454 ligna
732 2315 790 2420 ad
819 2315 1169 2420 construendum
1200 2350 1349 2461 apta,
1398 2325 1529 2430 colo-

42 2494 102 2565 res
130 2459 455 2564 adornandum
469 2455 710 2598 pulchros,
738 2491 997 2582 annonam,
1027 2493 1079 2558 ac
1104 2459 1345 2596 pharmaca
1361 2465 1523 2604 copio-

6 2599 7 2604 ‘
42 2619 109 2742 sa,
137 2609 193 2711 de
218 2596 488 2722 necellaria,
519 2626 568 2700 ut
600 2595 896 2700 laborantium
922 2596 1038 2700 vires
1067 2629 1362 2738 reparentur,
1393 2607 1525 2743 operi

43 2741 391 2860 consummando
425 2733 679 2895 impensae,
724 2735 774 2840 de
815 2737 863 2838 in
904 2772 1148 2846 commune
1180 2739 1353 2844 bonum
1384 2743 1526 2866 desti,
1705 2831 1709 2846 Ι
1824 2789 1830 2798 .

42 2927 157 3016 mix·
171 3025 391 3137 Vestrum
445 3021 560 3126 erit·¹
583 3015 776 3119 muneris
833 3014 1081 3120 exilitatem
1138 3053 1232 3122 non
1271 3021 1523 3161 dedignari.

43 3178 207 3284 Meum
241 3167 391 3274 Vobis
417 3147 626 3268 omnlbus
657 3193 832 3260 morem
862 3194 1050 3294 gerere,
1085 3159 1136 3262 dt
1165 3160 1348 3300 quidem
1372 3199 1527 3289 annno

41 3313 323 3462 perlubenti3
351 3301 536 3409 honoris
565 3297 685 3403 enim
713 3297 950 3438 permagni
977 3291 1090 3400 mihi
1108 3296 1205 3430 est,
1233 3304 1358 3444 quod
1373 3303 1525 3466 dicar,

40 3455 338 3604 &agnoscar
429 3535 430 3538 κ
1213 3523 1216 3531 Α

39 3763 687 4094 piridrbmldirililidsdiSOIliRobrb
713 3927 783 3996 an,
823 3887 976 4086 1288.
1040 4061 1042 4066 Ι

695 4485 851 4583 Vester,
883 4492 1049 4590 quamvls
1071 4491 1275 4586 nrinimur,
1302 4489 1432 4569 Socios

884 4653 1053 4758 Joannes
1083 4659 1127 4736 de
1158 4660 1353 4748 Laureiro.

1225 4972 1241 5009 ''
1383 5019 1516 5102 cau-
