4392 5838
86 675 219 746 uren,
248 676 406 758 querum
428 652 583 730 virtuter
610 673 893 755 cognoveram,
919 653 980 736 rel
1012 677 1058 736 et
1083 656 1184 740 libris
1207 655 1310 740 Euro
1337 663 1430 759 teir,
1454 667 1514 746 vel
1530 675 1577 748 er

92 755 240 872 Siricis,
264 753 305 832 dt
332 755 517 860 notgeri·
543 809 558 849 ,
594 753 816 873 charasterer
840 811 856 852 q,
892 757 1165 860 propriarum,
1191 761 1231 839 dt
1263 685 1423 849 halitum
1448 767 1577 848 sedulo

90 855 322 934 descrdrebarn
353 883 363 931 ι
403 881 492 962 quea
525 881 615 936 vero
645 880 748 958 pmxr
775 855 942 936 Medicoe
970 861 1116 942 inutiler
1140 863 1391 965 judicabam,
1429 867 1575 973 prorsus

83 956 293 1062 rejiciebam.
320 957 613 1053 Verumtamen,
639 982 723 1034 cum
752 956 882 1036 hamm
917 985 1086 1040 numerus
1112 965 1280 1068 quotidie
1296 989 1509 1070 augeretur,
1537 973 1575 1048 in

80 1079 234 1136 nentem
262 1059 364 1138 vdnit
390 1057 548 1138 otiosum
580 1084 654 1136 non
688 1055 797 1153 fore,
833 1059 858 1138 li
890 1057 954 1140 har
986 1065 1121 1168 paritet
1153 1067 1397 1170 colligerem,
1423 1067 1476 1146 δι’
1496 1068 1576 1148 des·

77 1161 283 1254 criberem,
306 1160 512 1240 Linnmno
543 1159 728 1262 Catalogo
757 1162 972 1260 addendae,
998 1189 1041 1242 tc
1071 1162 1196 1246 futuro
1221 1167 1301 1246 usui
1330 1165 1476 1249 fortalle
1498 1171 1572 1248 uti·

75 1261 153 1354 lta,
184 1265 354 1364 quemric
382 1260 552 1366 presenti
580 1263 728 1340 inutilet
754 1263 979 1344 ridebantur.
1012 1267 1158 1346 Exinde
1189 1291 1317 1346 omnes
1350 1269 1574 1350 indiscrimi-

75 1365 190 1439 natim
215 1365 309 1466 caepi
341 1387 567 1467 congerere,
592 1361 632 1439 dt
666 1363 706 1440 in
738 1363 942 1445 adversarie
975 1391 1163 1473 reponere.
1191 1371 1357 1471 Quarum
1384 1371 1574 1477 sexaginte

72 1463 219 1541 circiter
245 1465 487 1568 specimina,
527 1464 758 1584 totidemque
798 1465 1063 1572 descriptiones
1097 1475 1249 1550 memini
1382 1497 1443 1550 me
1471 1473 1574 1558 milia

71 1559 171 1643 fuiffe
198 1563 410 1642 Centonem
437 1565 603 1645 Sinarum
636 1623 648 1662 ,
688 1569 851 1672 indeque
885 1572 922 1647 in
952 1569 1126 1674 Angliam
1159 1629 1172 1667 ,
1210 1571 1249 1649 dt
1306 1577 1446 1651 aeciam
1475 1597 1573 1653 anno

75 1687 195 1766 1774:
226 1667 273 1743 de
301 1667 430 1768 quibus
462 1671 705 1746 meminerunt
732 1670 832 1748 Clar.
860 1671 1042 1774 Bergion,
1076 1674 1093 1771 (
1121 1673 1220 1752 Mat.
1247 1673 1355 1752 Med.
1390 1699 1474 1778 pag.
1494 1679 1570 1776 ς.)

69 1769 239 1846 &Clam
269 1767 442 1848 Linnaeut
466 1769 597 1848 Filiut.
628 1771 779 1950 (suppl.
828 1770 855 1848 l.
880 1795 965 1876 pag·
986 1779 1106 1875 331.)
1135 1775 1250 1852 Anno
1280 1793 1401 1852 autem
1439 1799 1565 1876 1779,

68 1897 148 1950 eum
172 1872 283 1974 jam,
308 1869 439 1960 telidld
468 1869 701 1952 Cochinchin
742 1929 755 1968 ,
841 1895 954 1952 otone
977 1875 1145 1954 Sinanun
1169 1875 1391 1971 reliderem,
1417 1879 1573 1958 necdum

67 1995 191 2082 optata
226 1994 368 2072 pateret
399 1977 489 2068 via,
516 1973 587 2078 qul
620 1973 657 2051 in
684 1973 872 2078 Europam
897 1997 1123 2074 reverterer,
1149 1978 1363 2056 Londinum
1392 1977 1472 2058 mifi
1501 1979 1570 2056 du-

67 2072 686 2280 oequqaapaearqhspepppq
710 2079 1064 2262 Plzllllnll,
1087 2079 1570 2260 lllllltfflul‘llt

62 2195 279 2456 QX:
296 2297 386 2458 iquelque
416 2205 799 2458 n‘ffiind‘bfflff-,qr'
826 2283 994 2457 quqmuit
1015 2283 1155 2459 plique
1181 2205 1401 2460 rokence}
1421 2280 1567 2368 client,
1632 2279 1634 2286 ’

65 2475 135 2557 dis
162 2477 244 2556 llaec
272 2405 657 2599 morsa,cqmrpmqqpre
665 2405 771 2559 :anqq
799 2405 1217 2561 taaffienngistlemvguesar’n
1234 2403 1571 2584 effertppmqqupqq
1624 2451 1626 2456 7

66 2583 199 2660 multas
228 2607 327 2657 enlm
357 2609 400 2660 ex
429 2583 688 2660 remotioribus
719 2581 832 2685 sylvis
861 2585 1061 2686 petendas,
1087 2588 1319 2690 quantumvis
1347 2585 1386 2659 in
1404 2582 1570 2668 Coeliu-

66 2683 170 2795 cline
200 2681 402 2786 spontanee
433 2682 655 2778 nascentes,
693 2709 759 2762 nec
788 2685 989 2762 admodum
1018 2709 1152 2782 rarae,
1189 2683 1364 2790 consequi
1399 2707 1473 2763 uon
1502 2709 1571 2788 po·
1707 2720 1711 2726 ²

66 2787 145 2880 tui,
176 2803 348 2886 quartam
375 2786 523 2864 circiter
547 2805 690 2890 partem
721 2787 873 2888 integrae
903 2786 1025 2864 Flore
1052 2788 1309 2890 completuros.

196 2886 340 2962 intereo
369 2885 540 2964 Centone
566 2887 660 2986 apud
684 2885 786 2970 Sinas
809 2889 1004 2964 triennium
1026 2912 1213 2966 remanent
1240 2883 1406 2965 Sinenses
1450 2883 1569 2965 laneae

67 2987 116 3068 ibi
142 2987 339 3066 observavi
361 3013 435 3066 non
491 3014 624 3082 aucas,
654 3015 742 3092 quar
772 2987 864 3066 milri
894 2987 1078 3068 deferebat
1103 2988 1270 3066 mercede
1286 2989 1409 3066 condu
1449 3013 1491 3064 us
1509 2987 1568 3064 Si·

68 3089 179 3168 nenfis
212 3087 362 3166 rusticus
379 3145 392 3182 ,
421 3018 647 3190 (lguropaeis
678 3094 776 3166 enirn
805 3115 879 3166 non
910 3092 1131 3194 permittitur
1162 3109 1263 3168 extra
1289 3088 1414 3166 vicum
1447 3087 1568 3164 subur*
1628 3157 1643 3170 .

69 3189 120 3266 bii
141 3191 272 3294 rugari
287 3192 385 3290 >rei
417 3189 590 3268 herbariae
614 3217 688 3267 non
710 3191 854 3293 prorsus
886 3197 1062 3292 ignams:
1090 3195 1227 3295 quique
1256 3187 1394 3267 solebat
1422 3186 1567 3290 plentur

76 3282 312 3392 undequaque
340 3291 533 3392 exquisrtas
563 3289 858 3396 pharmacopolis
891 3293 1102 3371 vendendas
1134 3291 1322 3394 colligere.
1352 3290 1463 3366 Idem·
1475 3285 1570 3364 milri

71 3389 217 3470 dicebar
253 3415 374 3468 earum
414 3395 562 3472 nomina
592 3396 786 3472 vernaculi
820 3393 945 3496 lingat
970 3390 1202 3472 Cantonieufi
1233 3421 1242 3468 :
1280 3390 1411 3494 quibua
1446 3412 1565 3467 tamen

68 3517 139 3569 non
155 3494 313 3571 multum
329 3490 513 3572 fidendum
534 3511 625 3596 puto
644 3522 655 3588 3
682 3493 858 3596 liquidem
878 3552 888 3588 ,
915 3519 999 3574 cum
1015 3517 1203 3598 urgeretur
1220 3493 1340 3570 dicere
1357 3549 1369 3586 ,
1397 3489 1568 3606 inspienti

66 3591 254 3695 portamus
269 3649 282 3688 ,
334 3593 411 3670 uod
428 3592 657 3698 aliquando,
684 3621 771 3672 veto
801 3599 949 3672 nomine
978 3621 1051 3674 noo
1072 3617 1284 3674 occurrente
1298 3649 1311 3688 ‚
1338 3592 1566 3670 arbitrarium
1717 3617 1719 3622 ·

66 3695 262 3799 quodlibet
293 3693 329 3771 la
355 3693 544 3792 llituill'et3
583 3696 647 3798 qui
678 3695 879 3773 Sinenstum
906 3723 986 3774 mos
1014 3697 1089 3791 est,
1117 3723 1161 3774 ne
1188 3697 1435 3797 ignorantiam
1467 3691 1567 3769 suum

64 3797 242 3896 prodant.
269 3791 437 3873 Nomina
463 3823 553 3876 veto
587 3796 821 3899 plantarum,
851 3825 932 3902 quae
962 3796 1041 3876 usui
1067 3797 1225 3876 Medico
1243 3817 1342 3890 ,aur
1364 3794 1567 3872 oeconomi·

63 3917 108 3974 ro
137 3897 265 4002 magia
299 3895 539 3994 inserviant,
579 3921 621 3972 ea
649 3897 872 3976 correctiora
902 3899 983 3978 sunt
1011 3957 1022 3994 ‚
1054 3907 1191 4000 'utpote
1219 3923 1265 3976 et
1295 3895 1396 3973 libris
1432 3893 1568 3973 Sinicit
1618 3902 1631 3994 j

62 4000 334 4118 utplurimum
360 4019 539 4102 excepta,
564 3999 604 4076 dt
633 3997 759 4100 lingua
787 3991 981 4080 universali
1009 3999 1148 4078 Srnensr
1169 4055 1181 4095 ,
1206 4023 1289 4103 quae
1321 3999 1567 4076 Litert'torum
1717 4061 1724 4070 .

62 4098 235 4192 dicutur,
263 4099 435 4204 expressa.
921 4133 923 4138 ·
1137 4143 1139 4148 ·
1549 4139 1551 4144 .

213 4203 258 4278 In
288 4201 409 4279 redit-u
436 4225 457 4278 a
484 4201 583 4280 Sinis
612 4201 650 4277 in
679 4201 899 4279 Lufiraniarn
930 4201 1112 4307 appellere
1141 4198 1290 4278 coadlua
1319 4197 1376 4276 fui
1406 4198 1453 4274 td
1470 4195 1570 4273 insu·
1645 4225 1646 4228 ¹

60 4298 140 4377 lam
167 4301 476 4382 Mommbiccum
506 4305 541 4380 in
564 4303 626 4380 orl
655 4302 838 4380 Orientali
860 4300 1028 4397 Africae,
1056 4305 1152 4380 circa
1189 4323 1232 4400 15
1261 4301 1419 4400 gradum
1446 4299 1571 4376 latitu-

61 4401 165 4481 dinis
192 4401 394 4481 Australis:
420 4404 484 4480 ubi
515 4429 582 4508 per
601 4425 684 4480 tres
711 4403 849 4480 menses
882 4427 1128 4482 commoratus
1156 4399 1269 4480 studia
1285 4399 1464 4478 Boranica
1484 4407 1571 4501 pro²

62 4501 174 4608 sequi
204 4505 306 4581 cordi
331 4503 442 4582 halari
456 4563 470 4600 ,
495 4503 703 4606 colligens,
729 4503 768 4582 δι’
798 4503 1004 4582 describent
1027 4508 1144 4581 varias
1169 4501 1311 4605 plantae
1341 4503 1496 4578 ratior-ee
1524 4516 1568 4578 ex

62 4604 242 4782 proximi
266 4609 479 4685 continente
508 4603 698 4684 Africand.
724 4607 829 4685 Alias
860 4607 1049 4708 pauciores
1067 4617 1363 4780 comparauerant
1388 4601 1426 4678 in
1445 4601 1569 4677 diter*

1 4757 2 4804 ;
88 4732 106 4784 a
136 4707 260 4788 Indiae
288 4709 383 4787 locis
411 4764 424 4803 ,
459 4732 540 4813 quoe
571 4709 797 4810 peragravi:
835 4731 968 4810 nempe
993 4711 1031 4784 in
1058 4707 1150 4784 Cam
1178 4704 1293 4797 odil,
1321 4698 1565 4803 Chamavi,

1 4817 2 4848 ³
62 4807 287 4914 Benglrald,
313 4808 548 4904 Melabarid,
575 4809 766 4904 Samatrl,
792 4809 831 4886 &
850 4810 941 4886 alibi
962 4837 969 4882 :
999 4831 1150 4912 quarum
1168 4807 1308 4910 aliquae
1337 4803 1375 4878 in
1394 4802 1461 4878 hac
1479 4799 1568 4880 Flo*

64 4909 103 4992 ῐᾶ
127 4915 299 5017 propriis
328 4909 532 5006 Clalsrbus,
559 4909 599 4986 δι
627 4912 724 4991 locis
756 4909 927 4994 inserui·
965 4941 970 4948 ·

209 5011 299 5097 Erit
324 5007 501 5111 forttlle,
527 5014 591 5118 qui
620 5008 1053 5167 reprobetppeuplanrae
1072 5006 1226 5088 aliarum
1254 5009 1449 5110 regionum
1476 5003 1564 5184 Εέἑ)δ

877 5139 906 5190 u
1378 5179 1380 5184 .
1485 5133 1501 5181 r
